%YAML 1.1
%TAG !u! tag:unity3d.com,2011:
--- !u!64 &4333364337493618894
MeshCollider:
  m_ObjectHideFlags: 0
  m_CorrespondingSourceObject: {fileID: 0}
  m_PrefabInstance: {fileID: 0}
  m_PrefabAsset: {fileID: 0}
  m_GameObject: {fileID: 268855977686800749}
  m_Material: {fileID: 0}
  m_IsTrigger: 0
  m_Enabled: 1
  serializedVersion: 4
  m_Convex: 0
  m_CookingOptions: 30
  m_Mesh: {fileID: 7232142047452146476, guid: 846e0d2bca5679745a7ad00eb168f6c7, type: 3}
--- !u!64 &5581241595875475246
MeshCollider:
  m_ObjectHideFlags: 0
  m_CorrespondingSourceObject: {fileID: 0}
  m_PrefabInstance: {fileID: 0}
  m_PrefabAsset: {fileID: 0}
  m_GameObject: {fileID: 383033156185449907}
  m_Material: {fileID: 0}
  m_IsTrigger: 0
  m_Enabled: 1
  serializedVersion: 4
  m_Convex: 0
  m_CookingOptions: 30
  m_Mesh: {fileID: -7423424374611547169, guid: 846e0d2bca5679745a7ad00eb168f6c7, type: 3}
--- !u!1 &1801745126959009622
GameObject:
  m_ObjectHideFlags: 0
  m_CorrespondingSourceObject: {fileID: 0}
  m_PrefabInstance: {fileID: 0}
  m_PrefabAsset: {fileID: 0}
  serializedVersion: 6
  m_Component:
  - component: {fileID: 2648450022228170680}
  m_Layer: 0
  m_Name: tile_scifi_deco_deadend
  m_TagString: Untagged
  m_Icon: {fileID: 0}
  m_NavMeshLayer: 0
  m_StaticEditorFlags: 0
  m_IsActive: 1
--- !u!4 &2648450022228170680
Transform:
  m_ObjectHideFlags: 0
  m_CorrespondingSourceObject: {fileID: 0}
  m_PrefabInstance: {fileID: 0}
  m_PrefabAsset: {fileID: 0}
  m_GameObject: {fileID: 1801745126959009622}
  m_LocalRotation: {x: 0, y: 0, z: 0, w: 1}
  m_LocalPosition: {x: 0, y: 0, z: 0}
  m_LocalScale: {x: 1, y: 1, z: 1}
  m_Children:
  - {fileID: 1152003728814428996}
  m_Father: {fileID: 0}
  m_RootOrder: 0
  m_LocalEulerAnglesHint: {x: 0, y: 0, z: 0}
--- !u!64 &136624732593534840
MeshCollider:
  m_ObjectHideFlags: 0
  m_CorrespondingSourceObject: {fileID: 0}
  m_PrefabInstance: {fileID: 0}
  m_PrefabAsset: {fileID: 0}
  m_GameObject: {fileID: 2839961905167345971}
  m_Material: {fileID: 0}
  m_IsTrigger: 0
  m_Enabled: 1
  serializedVersion: 4
  m_Convex: 0
  m_CookingOptions: 30
  m_Mesh: {fileID: -9188291761457732686, guid: 846e0d2bca5679745a7ad00eb168f6c7, type: 3}
--- !u!64 &746532811971499399
MeshCollider:
  m_ObjectHideFlags: 0
  m_CorrespondingSourceObject: {fileID: 0}
  m_PrefabInstance: {fileID: 0}
  m_PrefabAsset: {fileID: 0}
  m_GameObject: {fileID: 4941637029872833401}
  m_Material: {fileID: 0}
  m_IsTrigger: 0
  m_Enabled: 1
  serializedVersion: 4
  m_Convex: 0
  m_CookingOptions: 30
  m_Mesh: {fileID: 6058310715596518314, guid: 846e0d2bca5679745a7ad00eb168f6c7, type: 3}
--- !u!64 &8632496944902387748
MeshCollider:
  m_ObjectHideFlags: 0
  m_CorrespondingSourceObject: {fileID: 0}
  m_PrefabInstance: {fileID: 0}
  m_PrefabAsset: {fileID: 0}
  m_GameObject: {fileID: 5050018882559109222}
  m_Material: {fileID: 0}
  m_IsTrigger: 0
  m_Enabled: 1
  serializedVersion: 4
  m_Convex: 0
  m_CookingOptions: 30
  m_Mesh: {fileID: -886282605312620591, guid: 846e0d2bca5679745a7ad00eb168f6c7, type: 3}
--- !u!64 &7964605053537998435
MeshCollider:
  m_ObjectHideFlags: 0
  m_CorrespondingSourceObject: {fileID: 0}
  m_PrefabInstance: {fileID: 0}
  m_PrefabAsset: {fileID: 0}
  m_GameObject: {fileID: 8553373863485046125}
  m_Material: {fileID: 0}
  m_IsTrigger: 0
  m_Enabled: 1
  serializedVersion: 4
  m_Convex: 0
  m_CookingOptions: 30
  m_Mesh: {fileID: -6308599003985880681, guid: 846e0d2bca5679745a7ad00eb168f6c7, type: 3}
--- !u!1001 &609679424519255215
PrefabInstance:
  m_ObjectHideFlags: 0
  serializedVersion: 2
  m_Modification:
    m_TransformParent: {fileID: 2648450022228170680}
    m_Modifications:
    - target: {fileID: -8679921383154817045, guid: 846e0d2bca5679745a7ad00eb168f6c7,
        type: 3}
      propertyPath: m_LocalPosition.x
      value: 0
      objectReference: {fileID: 0}
    - target: {fileID: -8679921383154817045, guid: 846e0d2bca5679745a7ad00eb168f6c7,
        type: 3}
      propertyPath: m_LocalPosition.y
      value: 0
      objectReference: {fileID: 0}
    - target: {fileID: -8679921383154817045, guid: 846e0d2bca5679745a7ad00eb168f6c7,
        type: 3}
      propertyPath: m_LocalPosition.z
      value: 0
      objectReference: {fileID: 0}
    - target: {fileID: -8679921383154817045, guid: 846e0d2bca5679745a7ad00eb168f6c7,
        type: 3}
      propertyPath: m_LocalRotation.x
      value: -0
      objectReference: {fileID: 0}
    - target: {fileID: -8679921383154817045, guid: 846e0d2bca5679745a7ad00eb168f6c7,
        type: 3}
      propertyPath: m_LocalRotation.y
      value: -0
      objectReference: {fileID: 0}
    - target: {fileID: -8679921383154817045, guid: 846e0d2bca5679745a7ad00eb168f6c7,
        type: 3}
      propertyPath: m_LocalRotation.z
      value: -0
      objectReference: {fileID: 0}
    - target: {fileID: -8679921383154817045, guid: 846e0d2bca5679745a7ad00eb168f6c7,
        type: 3}
      propertyPath: m_LocalRotation.w
      value: 1
      objectReference: {fileID: 0}
    - target: {fileID: -8679921383154817045, guid: 846e0d2bca5679745a7ad00eb168f6c7,
        type: 3}
      propertyPath: m_RootOrder
      value: 0
      objectReference: {fileID: 0}
    - target: {fileID: -8679921383154817045, guid: 846e0d2bca5679745a7ad00eb168f6c7,
        type: 3}
      propertyPath: m_LocalEulerAnglesHint.x
      value: 0
      objectReference: {fileID: 0}
    - target: {fileID: -8679921383154817045, guid: 846e0d2bca5679745a7ad00eb168f6c7,
        type: 3}
      propertyPath: m_LocalEulerAnglesHint.y
      value: 0
      objectReference: {fileID: 0}
    - target: {fileID: -8679921383154817045, guid: 846e0d2bca5679745a7ad00eb168f6c7,
        type: 3}
      propertyPath: m_LocalEulerAnglesHint.z
      value: 0
      objectReference: {fileID: 0}
    - target: {fileID: -7900852414763205865, guid: 846e0d2bca5679745a7ad00eb168f6c7,
        type: 3}
      propertyPath: m_CastShadows
      value: 2
      objectReference: {fileID: 0}
    - target: {fileID: -7900852414763205865, guid: 846e0d2bca5679745a7ad00eb168f6c7,
        type: 3}
      propertyPath: m_Materials.Array.data[0]
      value: 
      objectReference: {fileID: 2100000, guid: 3476675ac27eb6145a5312b180fdead0, type: 2}
    - target: {fileID: -7167821721957338030, guid: 846e0d2bca5679745a7ad00eb168f6c7,
        type: 3}
      propertyPath: m_CastShadows
      value: 2
      objectReference: {fileID: 0}
    - target: {fileID: -7167821721957338030, guid: 846e0d2bca5679745a7ad00eb168f6c7,
        type: 3}
      propertyPath: m_Materials.Array.data[0]
      value: 
      objectReference: {fileID: 2100000, guid: 815dda180e7004b42b21085fe1ea7d53, type: 2}
    - target: {fileID: -5827773939909026404, guid: 846e0d2bca5679745a7ad00eb168f6c7,
        type: 3}
      propertyPath: m_StaticEditorFlags
      value: 4294967295
      objectReference: {fileID: 0}
    - target: {fileID: -4472785128453053798, guid: 846e0d2bca5679745a7ad00eb168f6c7,
        type: 3}
      propertyPath: m_CastShadows
      value: 2
      objectReference: {fileID: 0}
    - target: {fileID: -4472785128453053798, guid: 846e0d2bca5679745a7ad00eb168f6c7,
        type: 3}
      propertyPath: m_Materials.Array.data[0]
      value: 
      objectReference: {fileID: 2100000, guid: 99f78ec412f6e414bbb68c420351ecb3, type: 2}
    - target: {fileID: -3574941806302405431, guid: 846e0d2bca5679745a7ad00eb168f6c7,
        type: 3}
      propertyPath: m_StaticEditorFlags
      value: 4294967295
      objectReference: {fileID: 0}
    - target: {fileID: -119550690544648806, guid: 846e0d2bca5679745a7ad00eb168f6c7,
        type: 3}
      propertyPath: m_CastShadows
      value: 2
      objectReference: {fileID: 0}
    - target: {fileID: -119550690544648806, guid: 846e0d2bca5679745a7ad00eb168f6c7,
        type: 3}
      propertyPath: m_Materials.Array.data[0]
      value: 
      objectReference: {fileID: 2100000, guid: bf19c225c6e24774b86a83a857f547c6, type: 2}
    - target: {fileID: -88466693332448830, guid: 846e0d2bca5679745a7ad00eb168f6c7,
        type: 3}
      propertyPath: m_StaticEditorFlags
      value: 4294967295
      objectReference: {fileID: 0}
    - target: {fileID: 850387729875643842, guid: 846e0d2bca5679745a7ad00eb168f6c7,
        type: 3}
      propertyPath: m_StaticEditorFlags
      value: 4294967295
      objectReference: {fileID: 0}
    - target: {fileID: 919132149155446097, guid: 846e0d2bca5679745a7ad00eb168f6c7,
        type: 3}
      propertyPath: m_Name
      value: tile_single_deadend
      objectReference: {fileID: 0}
    - target: {fileID: 919132149155446097, guid: 846e0d2bca5679745a7ad00eb168f6c7,
        type: 3}
      propertyPath: m_StaticEditorFlags
      value: 4294967295
      objectReference: {fileID: 0}
    - target: {fileID: 947667511278883100, guid: 846e0d2bca5679745a7ad00eb168f6c7,
        type: 3}
      propertyPath: m_StaticEditorFlags
      value: 4294967295
      objectReference: {fileID: 0}
    - target: {fileID: 5540057040177145814, guid: 846e0d2bca5679745a7ad00eb168f6c7,
        type: 3}
      propertyPath: m_StaticEditorFlags
      value: 4294967295
      objectReference: {fileID: 0}
    - target: {fileID: 5633101313939299807, guid: 846e0d2bca5679745a7ad00eb168f6c7,
        type: 3}
      propertyPath: m_CastShadows
      value: 2
      objectReference: {fileID: 0}
    - target: {fileID: 5633101313939299807, guid: 846e0d2bca5679745a7ad00eb168f6c7,
        type: 3}
      propertyPath: m_Materials.Array.data[0]
      value: 
      objectReference: {fileID: 2100000, guid: b3cfc64602554f14996123cd17dac12e, type: 2}
    - target: {fileID: 7350532901891847944, guid: 846e0d2bca5679745a7ad00eb168f6c7,
        type: 3}
      propertyPath: m_CastShadows
      value: 2
      objectReference: {fileID: 0}
    - target: {fileID: 7350532901891847944, guid: 846e0d2bca5679745a7ad00eb168f6c7,
        type: 3}
      propertyPath: m_Materials.Array.data[0]
      value: 
      objectReference: {fileID: 2100000, guid: b3cfc64602554f14996123cd17dac12e, type: 2}
    m_RemovedComponents: []
  m_SourcePrefab: {fileID: 100100000, guid: 846e0d2bca5679745a7ad00eb168f6c7, type: 3}
--- !u!4 &1152003728814428996 stripped
Transform:
  m_CorrespondingSourceObject: {fileID: -8679921383154817045, guid: 846e0d2bca5679745a7ad00eb168f6c7,
    type: 3}
  m_PrefabInstance: {fileID: 609679424519255215}
  m_PrefabAsset: {fileID: 0}
--- !u!1 &383033156185449907 stripped
GameObject:
  m_CorrespondingSourceObject: {fileID: 947667511278883100, guid: 846e0d2bca5679745a7ad00eb168f6c7,
    type: 3}
  m_PrefabInstance: {fileID: 609679424519255215}
  m_PrefabAsset: {fileID: 0}
--- !u!1 &4941637029872833401 stripped
GameObject:
  m_CorrespondingSourceObject: {fileID: 5540057040177145814, guid: 846e0d2bca5679745a7ad00eb168f6c7,
    type: 3}
  m_PrefabInstance: {fileID: 609679424519255215}
  m_PrefabAsset: {fileID: 0}
--- !u!1 &5050018882559109222 stripped
GameObject:
  m_CorrespondingSourceObject: {fileID: -3574941806302405431, guid: 846e0d2bca5679745a7ad00eb168f6c7,
    type: 3}
  m_PrefabInstance: {fileID: 609679424519255215}
  m_PrefabAsset: {fileID: 0}
--- !u!1 &8553373863485046125 stripped
GameObject:
  m_CorrespondingSourceObject: {fileID: -88466693332448830, guid: 846e0d2bca5679745a7ad00eb168f6c7,
    type: 3}
  m_PrefabInstance: {fileID: 609679424519255215}
  m_PrefabAsset: {fileID: 0}
--- !u!1 &2839961905167345971 stripped
GameObject:
  m_CorrespondingSourceObject: {fileID: -5827773939909026404, guid: 846e0d2bca5679745a7ad00eb168f6c7,
    type: 3}
  m_PrefabInstance: {fileID: 609679424519255215}
  m_PrefabAsset: {fileID: 0}
--- !u!1 &268855977686800749 stripped
GameObject:
  m_CorrespondingSourceObject: {fileID: 850387729875643842, guid: 846e0d2bca5679745a7ad00eb168f6c7,
    type: 3}
  m_PrefabInstance: {fileID: 609679424519255215}
  m_PrefabAsset: {fileID: 0}
