%YAML 1.1
%TAG !u! tag:unity3d.com,2011:
--- !u!1 &182794288987109647
GameObject:
  m_ObjectHideFlags: 0
  m_CorrespondingSourceObject: {fileID: 0}
  m_PrefabInstance: {fileID: 0}
  m_PrefabAsset: {fileID: 0}
  serializedVersion: 6
  m_Component:
  - component: {fileID: 8640901522040590485}
  m_Layer: 0
  m_Name: tile_scifi_diagonal_stairway_straight
  m_TagString: Untagged
  m_Icon: {fileID: 0}
  m_NavMeshLayer: 0
  m_StaticEditorFlags: 0
  m_IsActive: 1
--- !u!4 &8640901522040590485
Transform:
  m_ObjectHideFlags: 0
  m_CorrespondingSourceObject: {fileID: 0}
  m_PrefabInstance: {fileID: 0}
  m_PrefabAsset: {fileID: 0}
  m_GameObject: {fileID: 182794288987109647}
  m_LocalRotation: {x: 0, y: 0, z: 0, w: 1}
  m_LocalPosition: {x: 0, y: 0, z: 0}
  m_LocalScale: {x: 1, y: 1, z: 1}
  m_Children:
  - {fileID: 5328198233613314752}
  - {fileID: 7087626745569915423}
  - {fileID: 4050552423453240504}
  - {fileID: 883649587422192999}
  - {fileID: 9184312397196063953}
  - {fileID: 4298672082123383492}
  - {fileID: 1654460773334322885}
  m_Father: {fileID: 0}
  m_RootOrder: 0
  m_LocalEulerAnglesHint: {x: 0, y: 0, z: 0}
--- !u!64 &1292670008250923703
MeshCollider:
  m_ObjectHideFlags: 0
  m_CorrespondingSourceObject: {fileID: 0}
  m_PrefabInstance: {fileID: 0}
  m_PrefabAsset: {fileID: 0}
  m_GameObject: {fileID: 3243836460209097892}
  m_Material: {fileID: 0}
  m_IsTrigger: 0
  m_Enabled: 1
  serializedVersion: 4
  m_Convex: 0
  m_CookingOptions: 30
  m_Mesh: {fileID: -3833851712403770456, guid: 0b50daccf5fa4d04a9a56bc28a3bb2c3, type: 3}
--- !u!64 &8487475768643747986
MeshCollider:
  m_ObjectHideFlags: 0
  m_CorrespondingSourceObject: {fileID: 0}
  m_PrefabInstance: {fileID: 0}
  m_PrefabAsset: {fileID: 0}
  m_GameObject: {fileID: 3432235575209834804}
  m_Material: {fileID: 0}
  m_IsTrigger: 0
  m_Enabled: 1
  serializedVersion: 4
  m_Convex: 0
  m_CookingOptions: 30
  m_Mesh: {fileID: -3766622406459890205, guid: 0b50daccf5fa4d04a9a56bc28a3bb2c3, type: 3}
--- !u!64 &783939329082965668
MeshCollider:
  m_ObjectHideFlags: 0
  m_CorrespondingSourceObject: {fileID: 0}
  m_PrefabInstance: {fileID: 0}
  m_PrefabAsset: {fileID: 0}
  m_GameObject: {fileID: 5573308913408520463}
  m_Material: {fileID: 0}
  m_IsTrigger: 0
  m_Enabled: 1
  serializedVersion: 4
  m_Convex: 0
  m_CookingOptions: 30
  m_Mesh: {fileID: -182886997741907708, guid: 0b50daccf5fa4d04a9a56bc28a3bb2c3, type: 3}
--- !u!95 &1392938696350122762
Animator:
  serializedVersion: 3
  m_ObjectHideFlags: 0
  m_CorrespondingSourceObject: {fileID: 0}
  m_PrefabInstance: {fileID: 0}
  m_PrefabAsset: {fileID: 0}
  m_GameObject: {fileID: 5573308913408520463}
  m_Enabled: 1
  m_Avatar: {fileID: 0}
  m_Controller: {fileID: 9100000, guid: cdeefb3448c224040a993428b1e88332, type: 2}
  m_CullingMode: 0
  m_UpdateMode: 0
  m_ApplyRootMotion: 0
  m_LinearVelocityBlending: 0
  m_WarningMessage: 
  m_HasTransformHierarchy: 1
  m_AllowConstantClipSamplingOptimization: 1
  m_KeepAnimatorControllerStateOnDisable: 0
--- !u!64 &4210978681969664164
MeshCollider:
  m_ObjectHideFlags: 0
  m_CorrespondingSourceObject: {fileID: 0}
  m_PrefabInstance: {fileID: 0}
  m_PrefabAsset: {fileID: 0}
  m_GameObject: {fileID: 6003807276874565487}
  m_Material: {fileID: 0}
  m_IsTrigger: 0
  m_Enabled: 1
  serializedVersion: 4
  m_Convex: 0
  m_CookingOptions: 30
  m_Mesh: {fileID: -6737132336136461827, guid: 0b50daccf5fa4d04a9a56bc28a3bb2c3, type: 3}
--- !u!64 &3125596442024371977
MeshCollider:
  m_ObjectHideFlags: 0
  m_CorrespondingSourceObject: {fileID: 0}
  m_PrefabInstance: {fileID: 0}
  m_PrefabAsset: {fileID: 0}
  m_GameObject: {fileID: 7260103308918125451}
  m_Material: {fileID: 0}
  m_IsTrigger: 0
  m_Enabled: 1
  serializedVersion: 4
  m_Convex: 0
  m_CookingOptions: 30
  m_Mesh: {fileID: -5518242033457899698, guid: 0b50daccf5fa4d04a9a56bc28a3bb2c3, type: 3}
--- !u!1 &7588386028246074180
GameObject:
  m_ObjectHideFlags: 0
  m_CorrespondingSourceObject: {fileID: 0}
  m_PrefabInstance: {fileID: 0}
  m_PrefabAsset: {fileID: 0}
  serializedVersion: 6
  m_Component:
  - component: {fileID: 7087626745569915423}
  - component: {fileID: 3853773346939097272}
  m_Layer: 0
  m_Name: Point Light
  m_TagString: Untagged
  m_Icon: {fileID: 0}
  m_NavMeshLayer: 0
  m_StaticEditorFlags: 0
  m_IsActive: 1
--- !u!4 &7087626745569915423
Transform:
  m_ObjectHideFlags: 0
  m_CorrespondingSourceObject: {fileID: 0}
  m_PrefabInstance: {fileID: 0}
  m_PrefabAsset: {fileID: 0}
  m_GameObject: {fileID: 7588386028246074180}
  m_LocalRotation: {x: 0, y: 0, z: 0, w: 1}
  m_LocalPosition: {x: 0, y: 1.5, z: 0}
  m_LocalScale: {x: 1, y: 1, z: 1}
  m_Children: []
  m_Father: {fileID: 8640901522040590485}
  m_RootOrder: 1
  m_LocalEulerAnglesHint: {x: 0, y: 0, z: 0}
--- !u!108 &3853773346939097272
Light:
  m_ObjectHideFlags: 0
  m_CorrespondingSourceObject: {fileID: 0}
  m_PrefabInstance: {fileID: 0}
  m_PrefabAsset: {fileID: 0}
  m_GameObject: {fileID: 7588386028246074180}
  m_Enabled: 1
  serializedVersion: 10
  m_Type: 2
  m_Shape: 0
  m_Color: {r: 1, g: 1, b: 1, a: 1}
  m_Intensity: 1
  m_Range: 10
  m_SpotAngle: 30
  m_InnerSpotAngle: 21.80208
  m_CookieSize: 10
  m_Shadows:
    m_Type: 0
    m_Resolution: -1
    m_CustomResolution: -1
    m_Strength: 1
    m_Bias: 0.05
    m_NormalBias: 0.4
    m_NearPlane: 0.2
    m_CullingMatrixOverride:
      e00: 1
      e01: 0
      e02: 0
      e03: 0
      e10: 0
      e11: 1
      e12: 0
      e13: 0
      e20: 0
      e21: 0
      e22: 1
      e23: 0
      e30: 0
      e31: 0
      e32: 0
      e33: 1
    m_UseCullingMatrixOverride: 0
  m_Cookie: {fileID: 0}
  m_DrawHalo: 0
  m_Flare: {fileID: 0}
  m_RenderMode: 0
  m_CullingMask:
    serializedVersion: 2
    m_Bits: 4294967295
  m_RenderingLayerMask: 1
  m_Lightmapping: 4
  m_LightShadowCasterMode: 0
  m_AreaSize: {x: 1, y: 1}
  m_BounceIntensity: 0
  m_ColorTemperature: 6570
  m_UseColorTemperature: 0
  m_BoundingSphereOverride: {x: 0, y: 0, z: 0, w: 0}
  m_UseBoundingSphereOverride: 0
  m_ShadowRadius: 0
  m_ShadowAngle: 0
--- !u!64 &5078089707060203294
MeshCollider:
  m_ObjectHideFlags: 0
  m_CorrespondingSourceObject: {fileID: 0}
  m_PrefabInstance: {fileID: 0}
  m_PrefabAsset: {fileID: 0}
  m_GameObject: {fileID: 8640960835147031753}
  m_Material: {fileID: 0}
  m_IsTrigger: 0
  m_Enabled: 1
  serializedVersion: 4
  m_Convex: 0
  m_CookingOptions: 30
  m_Mesh: {fileID: 6744903989574379800, guid: 0b50daccf5fa4d04a9a56bc28a3bb2c3, type: 3}
--- !u!95 &9148115921010309765
Animator:
  serializedVersion: 3
  m_ObjectHideFlags: 0
  m_CorrespondingSourceObject: {fileID: 0}
  m_PrefabInstance: {fileID: 0}
  m_PrefabAsset: {fileID: 0}
  m_GameObject: {fileID: 8640960835147031753}
  m_Enabled: 1
  m_Avatar: {fileID: 0}
  m_Controller: {fileID: 9100000, guid: ef437242a9a11a24698e17ca87ece479, type: 2}
  m_CullingMode: 0
  m_UpdateMode: 0
  m_ApplyRootMotion: 0
  m_LinearVelocityBlending: 0
  m_WarningMessage: 
  m_HasTransformHierarchy: 1
  m_AllowConstantClipSamplingOptimization: 1
  m_KeepAnimatorControllerStateOnDisable: 0
--- !u!64 &7927386202320618031
MeshCollider:
  m_ObjectHideFlags: 0
  m_CorrespondingSourceObject: {fileID: 0}
  m_PrefabInstance: {fileID: 0}
  m_PrefabAsset: {fileID: 0}
  m_GameObject: {fileID: 9210430664818043908}
  m_Material: {fileID: 0}
  m_IsTrigger: 0
  m_Enabled: 1
  serializedVersion: 4
  m_Convex: 0
  m_CookingOptions: 30
  m_Mesh: {fileID: 929570557496556640, guid: 0b50daccf5fa4d04a9a56bc28a3bb2c3, type: 3}
--- !u!1001 &36343811712570076
PrefabInstance:
  m_ObjectHideFlags: 0
  serializedVersion: 2
  m_Modification:
    m_TransformParent: {fileID: 8640901522040590485}
    m_Modifications:
    - target: {fileID: 2595449618968432052, guid: 2e66dc19c5f7a714b842d2ea1ebdcf54,
        type: 3}
      propertyPath: m_Name
      value: scifi_wires_long
      objectReference: {fileID: 0}
    - target: {fileID: 4262355758272950296, guid: 2e66dc19c5f7a714b842d2ea1ebdcf54,
        type: 3}
      propertyPath: m_LocalPosition.x
      value: -2.16
      objectReference: {fileID: 0}
    - target: {fileID: 4262355758272950296, guid: 2e66dc19c5f7a714b842d2ea1ebdcf54,
        type: 3}
      propertyPath: m_LocalPosition.y
      value: 3
      objectReference: {fileID: 0}
    - target: {fileID: 4262355758272950296, guid: 2e66dc19c5f7a714b842d2ea1ebdcf54,
        type: 3}
      propertyPath: m_LocalPosition.z
      value: 2.12
      objectReference: {fileID: 0}
    - target: {fileID: 4262355758272950296, guid: 2e66dc19c5f7a714b842d2ea1ebdcf54,
        type: 3}
      propertyPath: m_LocalRotation.x
      value: -0
      objectReference: {fileID: 0}
    - target: {fileID: 4262355758272950296, guid: 2e66dc19c5f7a714b842d2ea1ebdcf54,
        type: 3}
      propertyPath: m_LocalRotation.y
      value: 0.38268322
      objectReference: {fileID: 0}
    - target: {fileID: 4262355758272950296, guid: 2e66dc19c5f7a714b842d2ea1ebdcf54,
        type: 3}
      propertyPath: m_LocalRotation.z
      value: -0
      objectReference: {fileID: 0}
    - target: {fileID: 4262355758272950296, guid: 2e66dc19c5f7a714b842d2ea1ebdcf54,
        type: 3}
      propertyPath: m_LocalRotation.w
      value: 0.9238797
      objectReference: {fileID: 0}
    - target: {fileID: 4262355758272950296, guid: 2e66dc19c5f7a714b842d2ea1ebdcf54,
        type: 3}
      propertyPath: m_RootOrder
      value: 5
      objectReference: {fileID: 0}
    - target: {fileID: 4262355758272950296, guid: 2e66dc19c5f7a714b842d2ea1ebdcf54,
        type: 3}
      propertyPath: m_LocalEulerAnglesHint.x
      value: 0
      objectReference: {fileID: 0}
    - target: {fileID: 4262355758272950296, guid: 2e66dc19c5f7a714b842d2ea1ebdcf54,
        type: 3}
      propertyPath: m_LocalEulerAnglesHint.y
      value: 45
      objectReference: {fileID: 0}
    - target: {fileID: 4262355758272950296, guid: 2e66dc19c5f7a714b842d2ea1ebdcf54,
        type: 3}
      propertyPath: m_LocalEulerAnglesHint.z
      value: 0
      objectReference: {fileID: 0}
    m_RemovedComponents: []
  m_SourcePrefab: {fileID: 100100000, guid: 2e66dc19c5f7a714b842d2ea1ebdcf54, type: 3}
--- !u!4 &4298672082123383492 stripped
Transform:
  m_CorrespondingSourceObject: {fileID: 4262355758272950296, guid: 2e66dc19c5f7a714b842d2ea1ebdcf54,
    type: 3}
  m_PrefabInstance: {fileID: 36343811712570076}
  m_PrefabAsset: {fileID: 0}
--- !u!1001 &4134009326144063716
PrefabInstance:
  m_ObjectHideFlags: 0
  serializedVersion: 2
  m_Modification:
    m_TransformParent: {fileID: 8640901522040590485}
    m_Modifications:
    - target: {fileID: 3827401120674770307, guid: 04ce9c606333b674381deb48f233a277,
        type: 3}
      propertyPath: m_LocalPosition.x
      value: -11.5
      objectReference: {fileID: 0}
    - target: {fileID: 3827401120674770307, guid: 04ce9c606333b674381deb48f233a277,
        type: 3}
      propertyPath: m_LocalPosition.y
      value: 4
      objectReference: {fileID: 0}
    - target: {fileID: 3827401120674770307, guid: 04ce9c606333b674381deb48f233a277,
        type: 3}
      propertyPath: m_LocalPosition.z
      value: -7.5
      objectReference: {fileID: 0}
    - target: {fileID: 3827401120674770307, guid: 04ce9c606333b674381deb48f233a277,
        type: 3}
      propertyPath: m_LocalRotation.x
      value: -0
      objectReference: {fileID: 0}
    - target: {fileID: 3827401120674770307, guid: 04ce9c606333b674381deb48f233a277,
        type: 3}
      propertyPath: m_LocalRotation.y
      value: -0.70710677
      objectReference: {fileID: 0}
    - target: {fileID: 3827401120674770307, guid: 04ce9c606333b674381deb48f233a277,
        type: 3}
      propertyPath: m_LocalRotation.z
      value: -0
      objectReference: {fileID: 0}
    - target: {fileID: 3827401120674770307, guid: 04ce9c606333b674381deb48f233a277,
        type: 3}
      propertyPath: m_LocalRotation.w
      value: 0.7071068
      objectReference: {fileID: 0}
    - target: {fileID: 3827401120674770307, guid: 04ce9c606333b674381deb48f233a277,
        type: 3}
      propertyPath: m_RootOrder
      value: 3
      objectReference: {fileID: 0}
    - target: {fileID: 3827401120674770307, guid: 04ce9c606333b674381deb48f233a277,
        type: 3}
      propertyPath: m_LocalEulerAnglesHint.x
      value: 0
      objectReference: {fileID: 0}
    - target: {fileID: 3827401120674770307, guid: 04ce9c606333b674381deb48f233a277,
        type: 3}
      propertyPath: m_LocalEulerAnglesHint.y
      value: -90.00001
      objectReference: {fileID: 0}
    - target: {fileID: 3827401120674770307, guid: 04ce9c606333b674381deb48f233a277,
        type: 3}
      propertyPath: m_LocalEulerAnglesHint.z
      value: 0
      objectReference: {fileID: 0}
    - target: {fileID: 8935671478945291720, guid: 04ce9c606333b674381deb48f233a277,
        type: 3}
      propertyPath: m_Name
      value: Pathway
      objectReference: {fileID: 0}
    m_RemovedComponents: []
  m_SourcePrefab: {fileID: 100100000, guid: 04ce9c606333b674381deb48f233a277, type: 3}
--- !u!114 &2065462568650418799 stripped
MonoBehaviour:
  m_CorrespondingSourceObject: {fileID: 2735669416405377675, guid: 04ce9c606333b674381deb48f233a277,
    type: 3}
  m_PrefabInstance: {fileID: 4134009326144063716}
  m_PrefabAsset: {fileID: 0}
  m_GameObject: {fileID: 0}
  m_Enabled: 1
  m_EditorHideFlags: 0
  m_Script: {fileID: 11500000, guid: dd60658e6871a844788f7768b8dd9a51, type: 3}
  m_Name: 
  m_EditorClassIdentifier: 
--- !u!4 &883649587422192999 stripped
Transform:
  m_CorrespondingSourceObject: {fileID: 3827401120674770307, guid: 04ce9c606333b674381deb48f233a277,
    type: 3}
  m_PrefabInstance: {fileID: 4134009326144063716}
  m_PrefabAsset: {fileID: 0}
--- !u!1001 &5203720000627171874
PrefabInstance:
  m_ObjectHideFlags: 0
  serializedVersion: 2
  m_Modification:
    m_TransformParent: {fileID: 8640901522040590485}
    m_Modifications:
    - target: {fileID: 763562644575706583, guid: a148f7a11aff6714583d5ab70d3b8c54,
        type: 3}
      propertyPath: m_Name
      value: scifi_light_double
      objectReference: {fileID: 0}
    - target: {fileID: 6828161323337215207, guid: a148f7a11aff6714583d5ab70d3b8c54,
        type: 3}
      propertyPath: m_LocalPosition.x
      value: 0
      objectReference: {fileID: 0}
    - target: {fileID: 6828161323337215207, guid: a148f7a11aff6714583d5ab70d3b8c54,
        type: 3}
      propertyPath: m_LocalPosition.y
      value: 2.42
      objectReference: {fileID: 0}
    - target: {fileID: 6828161323337215207, guid: a148f7a11aff6714583d5ab70d3b8c54,
        type: 3}
      propertyPath: m_LocalPosition.z
      value: 0
      objectReference: {fileID: 0}
    - target: {fileID: 6828161323337215207, guid: a148f7a11aff6714583d5ab70d3b8c54,
        type: 3}
      propertyPath: m_LocalRotation.x
      value: -0
      objectReference: {fileID: 0}
    - target: {fileID: 6828161323337215207, guid: a148f7a11aff6714583d5ab70d3b8c54,
        type: 3}
      propertyPath: m_LocalRotation.y
      value: 0.3826837
      objectReference: {fileID: 0}
    - target: {fileID: 6828161323337215207, guid: a148f7a11aff6714583d5ab70d3b8c54,
        type: 3}
      propertyPath: m_LocalRotation.z
      value: -0
      objectReference: {fileID: 0}
    - target: {fileID: 6828161323337215207, guid: a148f7a11aff6714583d5ab70d3b8c54,
        type: 3}
      propertyPath: m_LocalRotation.w
      value: 0.9238795
      objectReference: {fileID: 0}
    - target: {fileID: 6828161323337215207, guid: a148f7a11aff6714583d5ab70d3b8c54,
        type: 3}
      propertyPath: m_RootOrder
      value: 6
      objectReference: {fileID: 0}
    - target: {fileID: 6828161323337215207, guid: a148f7a11aff6714583d5ab70d3b8c54,
        type: 3}
      propertyPath: m_LocalEulerAnglesHint.x
      value: 0
      objectReference: {fileID: 0}
    - target: {fileID: 6828161323337215207, guid: a148f7a11aff6714583d5ab70d3b8c54,
        type: 3}
      propertyPath: m_LocalEulerAnglesHint.y
      value: 45
      objectReference: {fileID: 0}
    - target: {fileID: 6828161323337215207, guid: a148f7a11aff6714583d5ab70d3b8c54,
        type: 3}
      propertyPath: m_LocalEulerAnglesHint.z
      value: 0
      objectReference: {fileID: 0}
    m_RemovedComponents: []
  m_SourcePrefab: {fileID: 100100000, guid: a148f7a11aff6714583d5ab70d3b8c54, type: 3}
--- !u!4 &1654460773334322885 stripped
Transform:
  m_CorrespondingSourceObject: {fileID: 6828161323337215207, guid: a148f7a11aff6714583d5ab70d3b8c54,
    type: 3}
  m_PrefabInstance: {fileID: 5203720000627171874}
  m_PrefabAsset: {fileID: 0}
--- !u!1001 &5361696419937130834
PrefabInstance:
  m_ObjectHideFlags: 0
  serializedVersion: 2
  m_Modification:
    m_TransformParent: {fileID: 8640901522040590485}
    m_Modifications:
    - target: {fileID: 3827401120674770307, guid: 04ce9c606333b674381deb48f233a277,
        type: 3}
      propertyPath: m_LocalPosition.x
      value: 11.5
      objectReference: {fileID: 0}
    - target: {fileID: 3827401120674770307, guid: 04ce9c606333b674381deb48f233a277,
        type: 3}
      propertyPath: m_LocalPosition.y
      value: -4
      objectReference: {fileID: 0}
    - target: {fileID: 3827401120674770307, guid: 04ce9c606333b674381deb48f233a277,
        type: 3}
      propertyPath: m_LocalPosition.z
      value: 7.5
      objectReference: {fileID: 0}
    - target: {fileID: 3827401120674770307, guid: 04ce9c606333b674381deb48f233a277,
        type: 3}
      propertyPath: m_LocalRotation.x
      value: -0
      objectReference: {fileID: 0}
    - target: {fileID: 3827401120674770307, guid: 04ce9c606333b674381deb48f233a277,
        type: 3}
      propertyPath: m_LocalRotation.y
      value: 0.70710677
      objectReference: {fileID: 0}
    - target: {fileID: 3827401120674770307, guid: 04ce9c606333b674381deb48f233a277,
        type: 3}
      propertyPath: m_LocalRotation.z
      value: -0
      objectReference: {fileID: 0}
    - target: {fileID: 3827401120674770307, guid: 04ce9c606333b674381deb48f233a277,
        type: 3}
      propertyPath: m_LocalRotation.w
      value: 0.7071068
      objectReference: {fileID: 0}
    - target: {fileID: 3827401120674770307, guid: 04ce9c606333b674381deb48f233a277,
        type: 3}
      propertyPath: m_RootOrder
      value: 4
      objectReference: {fileID: 0}
    - target: {fileID: 3827401120674770307, guid: 04ce9c606333b674381deb48f233a277,
        type: 3}
      propertyPath: m_LocalEulerAnglesHint.x
      value: 0
      objectReference: {fileID: 0}
    - target: {fileID: 3827401120674770307, guid: 04ce9c606333b674381deb48f233a277,
        type: 3}
      propertyPath: m_LocalEulerAnglesHint.y
      value: 90.00001
      objectReference: {fileID: 0}
    - target: {fileID: 3827401120674770307, guid: 04ce9c606333b674381deb48f233a277,
        type: 3}
      propertyPath: m_LocalEulerAnglesHint.z
      value: 0
      objectReference: {fileID: 0}
    - target: {fileID: 8935671478945291720, guid: 04ce9c606333b674381deb48f233a277,
        type: 3}
      propertyPath: m_Name
      value: Pathway (1)
      objectReference: {fileID: 0}
    m_RemovedComponents: []
  m_SourcePrefab: {fileID: 100100000, guid: 04ce9c606333b674381deb48f233a277, type: 3}
--- !u!4 &9184312397196063953 stripped
Transform:
  m_CorrespondingSourceObject: {fileID: 3827401120674770307, guid: 04ce9c606333b674381deb48f233a277,
    type: 3}
  m_PrefabInstance: {fileID: 5361696419937130834}
  m_PrefabAsset: {fileID: 0}
--- !u!114 &8043321919139232729 stripped
MonoBehaviour:
  m_CorrespondingSourceObject: {fileID: 2735669416405377675, guid: 04ce9c606333b674381deb48f233a277,
    type: 3}
  m_PrefabInstance: {fileID: 5361696419937130834}
  m_PrefabAsset: {fileID: 0}
  m_GameObject: {fileID: 0}
  m_Enabled: 1
  m_EditorHideFlags: 0
  m_Script: {fileID: 11500000, guid: dd60658e6871a844788f7768b8dd9a51, type: 3}
  m_Name: 
  m_EditorClassIdentifier: 
--- !u!1001 &5655159306327149867
PrefabInstance:
  m_ObjectHideFlags: 0
  serializedVersion: 2
  m_Modification:
    m_TransformParent: {fileID: 8640901522040590485}
    m_Modifications:
    - target: {fileID: -8997216235311301596, guid: 0b50daccf5fa4d04a9a56bc28a3bb2c3,
        type: 3}
      propertyPath: m_StaticEditorFlags
      value: 4294967295
      objectReference: {fileID: 0}
    - target: {fileID: -8679921383154817045, guid: 0b50daccf5fa4d04a9a56bc28a3bb2c3,
        type: 3}
      propertyPath: m_LocalPosition.x
      value: 0
      objectReference: {fileID: 0}
    - target: {fileID: -8679921383154817045, guid: 0b50daccf5fa4d04a9a56bc28a3bb2c3,
        type: 3}
      propertyPath: m_LocalPosition.y
      value: 0
      objectReference: {fileID: 0}
    - target: {fileID: -8679921383154817045, guid: 0b50daccf5fa4d04a9a56bc28a3bb2c3,
        type: 3}
      propertyPath: m_LocalPosition.z
      value: 0
      objectReference: {fileID: 0}
    - target: {fileID: -8679921383154817045, guid: 0b50daccf5fa4d04a9a56bc28a3bb2c3,
        type: 3}
      propertyPath: m_LocalRotation.x
      value: -0
      objectReference: {fileID: 0}
    - target: {fileID: -8679921383154817045, guid: 0b50daccf5fa4d04a9a56bc28a3bb2c3,
        type: 3}
      propertyPath: m_LocalRotation.y
      value: -0
      objectReference: {fileID: 0}
    - target: {fileID: -8679921383154817045, guid: 0b50daccf5fa4d04a9a56bc28a3bb2c3,
        type: 3}
      propertyPath: m_LocalRotation.z
      value: -0
      objectReference: {fileID: 0}
    - target: {fileID: -8679921383154817045, guid: 0b50daccf5fa4d04a9a56bc28a3bb2c3,
        type: 3}
      propertyPath: m_LocalRotation.w
      value: 1
      objectReference: {fileID: 0}
    - target: {fileID: -8679921383154817045, guid: 0b50daccf5fa4d04a9a56bc28a3bb2c3,
        type: 3}
      propertyPath: m_RootOrder
      value: 0
      objectReference: {fileID: 0}
    - target: {fileID: -8679921383154817045, guid: 0b50daccf5fa4d04a9a56bc28a3bb2c3,
        type: 3}
      propertyPath: m_LocalEulerAnglesHint.x
      value: 0
      objectReference: {fileID: 0}
    - target: {fileID: -8679921383154817045, guid: 0b50daccf5fa4d04a9a56bc28a3bb2c3,
        type: 3}
      propertyPath: m_LocalEulerAnglesHint.y
      value: 0
      objectReference: {fileID: 0}
    - target: {fileID: -8679921383154817045, guid: 0b50daccf5fa4d04a9a56bc28a3bb2c3,
        type: 3}
      propertyPath: m_LocalEulerAnglesHint.z
      value: 0
      objectReference: {fileID: 0}
    - target: {fileID: -8169256384862348732, guid: 0b50daccf5fa4d04a9a56bc28a3bb2c3,
        type: 3}
      propertyPath: m_StaticEditorFlags
      value: 4294967295
      objectReference: {fileID: 0}
    - target: {fileID: -7121625298426377660, guid: 0b50daccf5fa4d04a9a56bc28a3bb2c3,
        type: 3}
      propertyPath: m_StaticEditorFlags
      value: 4294967295
      objectReference: {fileID: 0}
    - target: {fileID: -5644931689851920081, guid: 0b50daccf5fa4d04a9a56bc28a3bb2c3,
        type: 3}
      propertyPath: m_StaticEditorFlags
      value: 4294967295
      objectReference: {fileID: 0}
    - target: {fileID: -2345797733206740147, guid: 0b50daccf5fa4d04a9a56bc28a3bb2c3,
        type: 3}
      propertyPath: m_Materials.Array.data[0]
      value: 
      objectReference: {fileID: 2100000, guid: 80d77430ee374894b8b0e3d6b233bc93, type: 2}
    - target: {fileID: -2172167136904416225, guid: 0b50daccf5fa4d04a9a56bc28a3bb2c3,
        type: 3}
      propertyPath: m_StaticEditorFlags
      value: 4294967295
      objectReference: {fileID: 0}
    - target: {fileID: -2053846490309820017, guid: 0b50daccf5fa4d04a9a56bc28a3bb2c3,
        type: 3}
      propertyPath: m_StaticEditorFlags
      value: 4294967295
      objectReference: {fileID: 0}
    - target: {fileID: -1500365742391600462, guid: 0b50daccf5fa4d04a9a56bc28a3bb2c3,
        type: 3}
      propertyPath: m_StaticEditorFlags
      value: 4294967295
      objectReference: {fileID: 0}
    - target: {fileID: 361233776442875910, guid: 0b50daccf5fa4d04a9a56bc28a3bb2c3,
        type: 3}
      propertyPath: m_Materials.Array.data[0]
      value: 
      objectReference: {fileID: 2100000, guid: 3476675ac27eb6145a5312b180fdead0, type: 2}
    - target: {fileID: 361233776442875910, guid: 0b50daccf5fa4d04a9a56bc28a3bb2c3,
        type: 3}
      propertyPath: m_CastShadows
      value: 2
      objectReference: {fileID: 0}
    - target: {fileID: 919132149155446097, guid: 0b50daccf5fa4d04a9a56bc28a3bb2c3,
        type: 3}
      propertyPath: m_Name
      value: tile_diagonal_stairway_straight
      objectReference: {fileID: 0}
    - target: {fileID: 919132149155446097, guid: 0b50daccf5fa4d04a9a56bc28a3bb2c3,
        type: 3}
      propertyPath: m_StaticEditorFlags
      value: 4294967295
      objectReference: {fileID: 0}
    - target: {fileID: 1234684806400410807, guid: 0b50daccf5fa4d04a9a56bc28a3bb2c3,
        type: 3}
      propertyPath: m_Materials.Array.data[0]
      value: 
      objectReference: {fileID: 2100000, guid: 512b63b4483ddd741a442dbe0ecad6bc, type: 2}
    - target: {fileID: 1234684806400410807, guid: 0b50daccf5fa4d04a9a56bc28a3bb2c3,
        type: 3}
      propertyPath: m_CastShadows
      value: 2
      objectReference: {fileID: 0}
    - target: {fileID: 2885890923240632359, guid: 0b50daccf5fa4d04a9a56bc28a3bb2c3,
        type: 3}
      propertyPath: m_Materials.Array.data[0]
      value: 
      objectReference: {fileID: 2100000, guid: b3cfc64602554f14996123cd17dac12e, type: 2}
    - target: {fileID: 2885890923240632359, guid: 0b50daccf5fa4d04a9a56bc28a3bb2c3,
        type: 3}
      propertyPath: m_CastShadows
      value: 2
      objectReference: {fileID: 0}
    - target: {fileID: 2978034979606790795, guid: 0b50daccf5fa4d04a9a56bc28a3bb2c3,
        type: 3}
      propertyPath: m_StaticEditorFlags
      value: 4294967295
      objectReference: {fileID: 0}
    - target: {fileID: 3078834950211649184, guid: 0b50daccf5fa4d04a9a56bc28a3bb2c3,
        type: 3}
      propertyPath: m_StaticEditorFlags
      value: 4294967295
      objectReference: {fileID: 0}
    - target: {fileID: 4148366611572566498, guid: 0b50daccf5fa4d04a9a56bc28a3bb2c3,
        type: 3}
      propertyPath: m_StaticEditorFlags
      value: 4294967295
      objectReference: {fileID: 0}
    - target: {fileID: 4594099152804762374, guid: 0b50daccf5fa4d04a9a56bc28a3bb2c3,
        type: 3}
      propertyPath: m_Materials.Array.data[0]
      value: 
      objectReference: {fileID: 2100000, guid: 80d77430ee374894b8b0e3d6b233bc93, type: 2}
    - target: {fileID: 6428923526306042991, guid: 0b50daccf5fa4d04a9a56bc28a3bb2c3,
        type: 3}
      propertyPath: m_Enabled
      value: 0
      objectReference: {fileID: 0}
    - target: {fileID: 6871132067872313349, guid: 0b50daccf5fa4d04a9a56bc28a3bb2c3,
        type: 3}
      propertyPath: m_Materials.Array.data[0]
      value: 
      objectReference: {fileID: 2100000, guid: 5d0fa1ae20b5c61418f55d4a9637d45b, type: 2}
    - target: {fileID: 6871132067872313349, guid: 0b50daccf5fa4d04a9a56bc28a3bb2c3,
        type: 3}
      propertyPath: m_CastShadows
      value: 2
      objectReference: {fileID: 0}
    - target: {fileID: 8399797614984121016, guid: 0b50daccf5fa4d04a9a56bc28a3bb2c3,
        type: 3}
      propertyPath: m_Materials.Array.data[0]
      value: 
      objectReference: {fileID: 2100000, guid: 512b63b4483ddd741a442dbe0ecad6bc, type: 2}
    - target: {fileID: 8399797614984121016, guid: 0b50daccf5fa4d04a9a56bc28a3bb2c3,
        type: 3}
      propertyPath: m_CastShadows
      value: 2
      objectReference: {fileID: 0}
    - target: {fileID: 8984269038106635215, guid: 0b50daccf5fa4d04a9a56bc28a3bb2c3,
        type: 3}
      propertyPath: m_Materials.Array.data[0]
      value: 
      objectReference: {fileID: 2100000, guid: b3cfc64602554f14996123cd17dac12e, type: 2}
    - target: {fileID: 8984269038106635215, guid: 0b50daccf5fa4d04a9a56bc28a3bb2c3,
        type: 3}
      propertyPath: m_CastShadows
      value: 2
      objectReference: {fileID: 0}
    - target: {fileID: 9015836881819470552, guid: 0b50daccf5fa4d04a9a56bc28a3bb2c3,
        type: 3}
      propertyPath: m_Materials.Array.data[0]
      value: 
      objectReference: {fileID: 2100000, guid: 99f78ec412f6e414bbb68c420351ecb3, type: 2}
    - target: {fileID: 9015836881819470552, guid: 0b50daccf5fa4d04a9a56bc28a3bb2c3,
        type: 3}
      propertyPath: m_CastShadows
      value: 2
      objectReference: {fileID: 0}
    m_RemovedComponents: []
  m_SourcePrefab: {fileID: 100100000, guid: 0b50daccf5fa4d04a9a56bc28a3bb2c3, type: 3}
--- !u!1 &3432235575209834804 stripped
GameObject:
  m_CorrespondingSourceObject: {fileID: -2172167136904416225, guid: 0b50daccf5fa4d04a9a56bc28a3bb2c3,
    type: 3}
  m_PrefabInstance: {fileID: 5655159306327149867}
  m_PrefabAsset: {fileID: 0}
--- !u!1 &8640960835147031753 stripped
GameObject:
  m_CorrespondingSourceObject: {fileID: 4148366611572566498, guid: 0b50daccf5fa4d04a9a56bc28a3bb2c3,
    type: 3}
  m_PrefabInstance: {fileID: 5655159306327149867}
  m_PrefabAsset: {fileID: 0}
--- !u!1 &9210430664818043908 stripped
GameObject:
  m_CorrespondingSourceObject: {fileID: -5644931689851920081, guid: 0b50daccf5fa4d04a9a56bc28a3bb2c3,
    type: 3}
  m_PrefabInstance: {fileID: 5655159306327149867}
  m_PrefabAsset: {fileID: 0}
--- !u!1 &3243836460209097892 stripped
GameObject:
  m_CorrespondingSourceObject: {fileID: -2053846490309820017, guid: 0b50daccf5fa4d04a9a56bc28a3bb2c3,
    type: 3}
  m_PrefabInstance: {fileID: 5655159306327149867}
  m_PrefabAsset: {fileID: 0}
--- !u!4 &5328198233613314752 stripped
Transform:
  m_CorrespondingSourceObject: {fileID: -8679921383154817045, guid: 0b50daccf5fa4d04a9a56bc28a3bb2c3,
    type: 3}
  m_PrefabInstance: {fileID: 5655159306327149867}
  m_PrefabAsset: {fileID: 0}
--- !u!1 &5573308913408520463 stripped
GameObject:
  m_CorrespondingSourceObject: {fileID: -8997216235311301596, guid: 0b50daccf5fa4d04a9a56bc28a3bb2c3,
    type: 3}
  m_PrefabInstance: {fileID: 5655159306327149867}
  m_PrefabAsset: {fileID: 0}
--- !u!1 &7260103308918125451 stripped
GameObject:
  m_CorrespondingSourceObject: {fileID: 3078834950211649184, guid: 0b50daccf5fa4d04a9a56bc28a3bb2c3,
    type: 3}
  m_PrefabInstance: {fileID: 5655159306327149867}
  m_PrefabAsset: {fileID: 0}
--- !u!1 &6003807276874565487 stripped
GameObject:
  m_CorrespondingSourceObject: {fileID: -7121625298426377660, guid: 0b50daccf5fa4d04a9a56bc28a3bb2c3,
    type: 3}
  m_PrefabInstance: {fileID: 5655159306327149867}
  m_PrefabAsset: {fileID: 0}
--- !u!1001 &6955126824054461298
PrefabInstance:
  m_ObjectHideFlags: 0
  serializedVersion: 2
  m_Modification:
    m_TransformParent: {fileID: 8640901522040590485}
    m_Modifications:
    - target: {fileID: 487243255437973317, guid: 740648b0b996ba148a76e0d9b869fb16,
        type: 3}
      propertyPath: m_Size.x
      value: 23
      objectReference: {fileID: 0}
    - target: {fileID: 487243255437973317, guid: 740648b0b996ba148a76e0d9b869fb16,
        type: 3}
      propertyPath: m_Size.y
      value: 16
      objectReference: {fileID: 0}
    - target: {fileID: 487243255437973317, guid: 740648b0b996ba148a76e0d9b869fb16,
        type: 3}
      propertyPath: m_Size.z
      value: 23
      objectReference: {fileID: 0}
    - target: {fileID: 1417693665624029033, guid: 740648b0b996ba148a76e0d9b869fb16,
        type: 3}
      propertyPath: m_Name
      value: Area Data
      objectReference: {fileID: 0}
    - target: {fileID: 4268913019039595364, guid: 740648b0b996ba148a76e0d9b869fb16,
        type: 3}
      propertyPath: pathWays.Array.size
      value: 2
      objectReference: {fileID: 0}
    - target: {fileID: 4268913019039595364, guid: 740648b0b996ba148a76e0d9b869fb16,
        type: 3}
      propertyPath: rootObj
      value: 
      objectReference: {fileID: 8640901522040590485}
    - target: {fileID: 4268913019039595364, guid: 740648b0b996ba148a76e0d9b869fb16,
        type: 3}
      propertyPath: pathWays.Array.data[0]
      value: 
      objectReference: {fileID: 2065462568650418799}
    - target: {fileID: 4268913019039595364, guid: 740648b0b996ba148a76e0d9b869fb16,
        type: 3}
      propertyPath: pathWays.Array.data[1]
      value: 
      objectReference: {fileID: 8043321919139232729}
    - target: {fileID: 6391699724059656138, guid: 740648b0b996ba148a76e0d9b869fb16,
        type: 3}
      propertyPath: m_LocalPosition.x
      value: 0
      objectReference: {fileID: 0}
    - target: {fileID: 6391699724059656138, guid: 740648b0b996ba148a76e0d9b869fb16,
        type: 3}
      propertyPath: m_LocalPosition.y
      value: 0
      objectReference: {fileID: 0}
    - target: {fileID: 6391699724059656138, guid: 740648b0b996ba148a76e0d9b869fb16,
        type: 3}
      propertyPath: m_LocalPosition.z
      value: 0
      objectReference: {fileID: 0}
    - target: {fileID: 6391699724059656138, guid: 740648b0b996ba148a76e0d9b869fb16,
        type: 3}
      propertyPath: m_LocalRotation.x
      value: -0
      objectReference: {fileID: 0}
    - target: {fileID: 6391699724059656138, guid: 740648b0b996ba148a76e0d9b869fb16,
        type: 3}
      propertyPath: m_LocalRotation.y
      value: -0
      objectReference: {fileID: 0}
    - target: {fileID: 6391699724059656138, guid: 740648b0b996ba148a76e0d9b869fb16,
        type: 3}
      propertyPath: m_LocalRotation.z
      value: -0
      objectReference: {fileID: 0}
    - target: {fileID: 6391699724059656138, guid: 740648b0b996ba148a76e0d9b869fb16,
        type: 3}
      propertyPath: m_LocalRotation.w
      value: 1
      objectReference: {fileID: 0}
    - target: {fileID: 6391699724059656138, guid: 740648b0b996ba148a76e0d9b869fb16,
        type: 3}
      propertyPath: m_RootOrder
      value: 2
      objectReference: {fileID: 0}
    - target: {fileID: 6391699724059656138, guid: 740648b0b996ba148a76e0d9b869fb16,
        type: 3}
      propertyPath: m_LocalEulerAnglesHint.x
      value: 0
      objectReference: {fileID: 0}
    - target: {fileID: 6391699724059656138, guid: 740648b0b996ba148a76e0d9b869fb16,
        type: 3}
      propertyPath: m_LocalEulerAnglesHint.y
      value: 0
      objectReference: {fileID: 0}
    - target: {fileID: 6391699724059656138, guid: 740648b0b996ba148a76e0d9b869fb16,
        type: 3}
      propertyPath: m_LocalEulerAnglesHint.z
      value: 0
      objectReference: {fileID: 0}
    m_RemovedComponents: []
  m_SourcePrefab: {fileID: 100100000, guid: 740648b0b996ba148a76e0d9b869fb16, type: 3}
--- !u!4 &4050552423453240504 stripped
Transform:
  m_CorrespondingSourceObject: {fileID: 6391699724059656138, guid: 740648b0b996ba148a76e0d9b869fb16,
    type: 3}
  m_PrefabInstance: {fileID: 6955126824054461298}
  m_PrefabAsset: {fileID: 0}
