%YAML 1.1
%TAG !u! tag:unity3d.com,2011:
--- !u!1 &467856530363717476
GameObject:
  m_ObjectHideFlags: 0
  m_CorrespondingSourceObject: {fileID: 0}
  m_PrefabInstance: {fileID: 0}
  m_PrefabAsset: {fileID: 0}
  serializedVersion: 6
  m_Component:
  - component: {fileID: 5333550234499702482}
  m_Layer: 0
  m_Name: tile_scifi_single_vertical
  m_TagString: Untagged
  m_Icon: {fileID: 0}
  m_NavMeshLayer: 0
  m_StaticEditorFlags: 0
  m_IsActive: 1
--- !u!4 &5333550234499702482
Transform:
  m_ObjectHideFlags: 0
  m_CorrespondingSourceObject: {fileID: 0}
  m_PrefabInstance: {fileID: 0}
  m_PrefabAsset: {fileID: 0}
  m_GameObject: {fileID: 467856530363717476}
  m_LocalRotation: {x: 0, y: 0, z: 0, w: 1}
  m_LocalPosition: {x: 0, y: 0, z: 0}
  m_LocalScale: {x: 1, y: 1, z: 1}
  m_Children:
  - {fileID: 2361099567537800396}
  - {fileID: 5525538459690585208}
  - {fileID: 6979022422956251785}
  - {fileID: 1974224164992137004}
  - {fileID: 6636552846422152204}
  m_Father: {fileID: 0}
  m_RootOrder: 0
  m_LocalEulerAnglesHint: {x: 0, y: 0, z: 0}
--- !u!1 &1861316223268556587
GameObject:
  m_ObjectHideFlags: 0
  m_CorrespondingSourceObject: {fileID: 0}
  m_PrefabInstance: {fileID: 0}
  m_PrefabAsset: {fileID: 0}
  serializedVersion: 6
  m_Component:
  - component: {fileID: 5525538459690585208}
  - component: {fileID: 2791276691334572535}
  m_Layer: 0
  m_Name: Point Light
  m_TagString: Untagged
  m_Icon: {fileID: 0}
  m_NavMeshLayer: 0
  m_StaticEditorFlags: 0
  m_IsActive: 1
--- !u!4 &5525538459690585208
Transform:
  m_ObjectHideFlags: 0
  m_CorrespondingSourceObject: {fileID: 0}
  m_PrefabInstance: {fileID: 0}
  m_PrefabAsset: {fileID: 0}
  m_GameObject: {fileID: 1861316223268556587}
  m_LocalRotation: {x: 0, y: 0, z: 0, w: 1}
  m_LocalPosition: {x: 0, y: 0, z: 0}
  m_LocalScale: {x: 1, y: 1, z: 1}
  m_Children: []
  m_Father: {fileID: 5333550234499702482}
  m_RootOrder: 1
  m_LocalEulerAnglesHint: {x: 0, y: 0, z: 0}
--- !u!108 &2791276691334572535
Light:
  m_ObjectHideFlags: 0
  m_CorrespondingSourceObject: {fileID: 0}
  m_PrefabInstance: {fileID: 0}
  m_PrefabAsset: {fileID: 0}
  m_GameObject: {fileID: 1861316223268556587}
  m_Enabled: 1
  serializedVersion: 10
  m_Type: 2
  m_Shape: 0
  m_Color: {r: 1, g: 0, b: 0, a: 1}
  m_Intensity: 1
  m_Range: 10
  m_SpotAngle: 30
  m_InnerSpotAngle: 21.80208
  m_CookieSize: 10
  m_Shadows:
    m_Type: 0
    m_Resolution: -1
    m_CustomResolution: -1
    m_Strength: 0.498
    m_Bias: 0.05
    m_NormalBias: 0.4
    m_NearPlane: 0.2
    m_CullingMatrixOverride:
      e00: 1
      e01: 0
      e02: 0
      e03: 0
      e10: 0
      e11: 1
      e12: 0
      e13: 0
      e20: 0
      e21: 0
      e22: 1
      e23: 0
      e30: 0
      e31: 0
      e32: 0
      e33: 1
    m_UseCullingMatrixOverride: 0
  m_Cookie: {fileID: 0}
  m_DrawHalo: 0
  m_Flare: {fileID: 0}
  m_RenderMode: 0
  m_CullingMask:
    serializedVersion: 2
    m_Bits: 4294967295
  m_RenderingLayerMask: 1
  m_Lightmapping: 4
  m_LightShadowCasterMode: 0
  m_AreaSize: {x: 1, y: 1}
  m_BounceIntensity: 0
  m_ColorTemperature: 6570
  m_UseColorTemperature: 0
  m_BoundingSphereOverride: {x: 0, y: 0, z: 0, w: 0}
  m_UseBoundingSphereOverride: 0
  m_ShadowRadius: 0
  m_ShadowAngle: 0
--- !u!64 &8705185793983624721
MeshCollider:
  m_ObjectHideFlags: 0
  m_CorrespondingSourceObject: {fileID: 0}
  m_PrefabInstance: {fileID: 0}
  m_PrefabAsset: {fileID: 0}
  m_GameObject: {fileID: 5739400412574892073}
  m_Material: {fileID: 0}
  m_IsTrigger: 0
  m_Enabled: 1
  serializedVersion: 4
  m_Convex: 0
  m_CookingOptions: 30
  m_Mesh: {fileID: -55239120218221538, guid: 289b4dfeedec854428802ff34bb2e1de, type: 3}
--- !u!64 &7231898201527805838
MeshCollider:
  m_ObjectHideFlags: 0
  m_CorrespondingSourceObject: {fileID: 0}
  m_PrefabInstance: {fileID: 0}
  m_PrefabAsset: {fileID: 0}
  m_GameObject: {fileID: 8704311431120186132}
  m_Material: {fileID: 0}
  m_IsTrigger: 0
  m_Enabled: 1
  serializedVersion: 4
  m_Convex: 0
  m_CookingOptions: 30
  m_Mesh: {fileID: 1583164718317018523, guid: 289b4dfeedec854428802ff34bb2e1de, type: 3}
--- !u!1001 &2832472732570362663
PrefabInstance:
  m_ObjectHideFlags: 0
  serializedVersion: 2
  m_Modification:
    m_TransformParent: {fileID: 5333550234499702482}
    m_Modifications:
    - target: {fileID: -8679921383154817045, guid: 289b4dfeedec854428802ff34bb2e1de,
        type: 3}
      propertyPath: m_LocalPosition.x
      value: 0
      objectReference: {fileID: 0}
    - target: {fileID: -8679921383154817045, guid: 289b4dfeedec854428802ff34bb2e1de,
        type: 3}
      propertyPath: m_LocalPosition.y
      value: 0
      objectReference: {fileID: 0}
    - target: {fileID: -8679921383154817045, guid: 289b4dfeedec854428802ff34bb2e1de,
        type: 3}
      propertyPath: m_LocalPosition.z
      value: 0
      objectReference: {fileID: 0}
    - target: {fileID: -8679921383154817045, guid: 289b4dfeedec854428802ff34bb2e1de,
        type: 3}
      propertyPath: m_LocalRotation.x
      value: -0
      objectReference: {fileID: 0}
    - target: {fileID: -8679921383154817045, guid: 289b4dfeedec854428802ff34bb2e1de,
        type: 3}
      propertyPath: m_LocalRotation.y
      value: -0
      objectReference: {fileID: 0}
    - target: {fileID: -8679921383154817045, guid: 289b4dfeedec854428802ff34bb2e1de,
        type: 3}
      propertyPath: m_LocalRotation.z
      value: -0
      objectReference: {fileID: 0}
    - target: {fileID: -8679921383154817045, guid: 289b4dfeedec854428802ff34bb2e1de,
        type: 3}
      propertyPath: m_LocalRotation.w
      value: 1
      objectReference: {fileID: 0}
    - target: {fileID: -8679921383154817045, guid: 289b4dfeedec854428802ff34bb2e1de,
        type: 3}
      propertyPath: m_RootOrder
      value: 0
      objectReference: {fileID: 0}
    - target: {fileID: -8679921383154817045, guid: 289b4dfeedec854428802ff34bb2e1de,
        type: 3}
      propertyPath: m_LocalEulerAnglesHint.x
      value: 0
      objectReference: {fileID: 0}
    - target: {fileID: -8679921383154817045, guid: 289b4dfeedec854428802ff34bb2e1de,
        type: 3}
      propertyPath: m_LocalEulerAnglesHint.y
      value: 0
      objectReference: {fileID: 0}
    - target: {fileID: -8679921383154817045, guid: 289b4dfeedec854428802ff34bb2e1de,
        type: 3}
      propertyPath: m_LocalEulerAnglesHint.z
      value: 0
      objectReference: {fileID: 0}
    - target: {fileID: -2340433849460438989, guid: 289b4dfeedec854428802ff34bb2e1de,
        type: 3}
      propertyPath: m_StaticEditorFlags
      value: 4294967295
      objectReference: {fileID: 0}
    - target: {fileID: -1663934148121206002, guid: 289b4dfeedec854428802ff34bb2e1de,
        type: 3}
      propertyPath: m_StaticEditorFlags
      value: 4294967295
      objectReference: {fileID: 0}
    - target: {fileID: 919132149155446097, guid: 289b4dfeedec854428802ff34bb2e1de,
        type: 3}
      propertyPath: m_Name
      value: tile_single_vertical
      objectReference: {fileID: 0}
    - target: {fileID: 919132149155446097, guid: 289b4dfeedec854428802ff34bb2e1de,
        type: 3}
      propertyPath: m_StaticEditorFlags
      value: 4294967295
      objectReference: {fileID: 0}
    - target: {fileID: 7603632273452803113, guid: 289b4dfeedec854428802ff34bb2e1de,
        type: 3}
      propertyPath: m_CastShadows
      value: 2
      objectReference: {fileID: 0}
    - target: {fileID: 7603632273452803113, guid: 289b4dfeedec854428802ff34bb2e1de,
        type: 3}
      propertyPath: m_Materials.Array.data[0]
      value: 
      objectReference: {fileID: 2100000, guid: 99f78ec412f6e414bbb68c420351ecb3, type: 2}
    - target: {fileID: 7944889226593189428, guid: 289b4dfeedec854428802ff34bb2e1de,
        type: 3}
      propertyPath: m_CastShadows
      value: 2
      objectReference: {fileID: 0}
    - target: {fileID: 7944889226593189428, guid: 289b4dfeedec854428802ff34bb2e1de,
        type: 3}
      propertyPath: m_Materials.Array.data[0]
      value: 
      objectReference: {fileID: 2100000, guid: bf19c225c6e24774b86a83a857f547c6, type: 2}
    m_RemovedComponents: []
  m_SourcePrefab: {fileID: 100100000, guid: 289b4dfeedec854428802ff34bb2e1de, type: 3}
--- !u!4 &2361099567537800396 stripped
Transform:
  m_CorrespondingSourceObject: {fileID: -8679921383154817045, guid: 289b4dfeedec854428802ff34bb2e1de,
    type: 3}
  m_PrefabInstance: {fileID: 2832472732570362663}
  m_PrefabAsset: {fileID: 0}
--- !u!1 &5739400412574892073 stripped
GameObject:
  m_CorrespondingSourceObject: {fileID: -1663934148121206002, guid: 289b4dfeedec854428802ff34bb2e1de,
    type: 3}
  m_PrefabInstance: {fileID: 2832472732570362663}
  m_PrefabAsset: {fileID: 0}
--- !u!1 &8704311431120186132 stripped
GameObject:
  m_CorrespondingSourceObject: {fileID: -2340433849460438989, guid: 289b4dfeedec854428802ff34bb2e1de,
    type: 3}
  m_PrefabInstance: {fileID: 2832472732570362663}
  m_PrefabAsset: {fileID: 0}
--- !u!1001 &3348553185539742383
PrefabInstance:
  m_ObjectHideFlags: 0
  serializedVersion: 2
  m_Modification:
    m_TransformParent: {fileID: 5333550234499702482}
    m_Modifications:
    - target: {fileID: 2735669416405377675, guid: 04ce9c606333b674381deb48f233a277,
        type: 3}
      propertyPath: isVertical
      value: 1
      objectReference: {fileID: 0}
    - target: {fileID: 3827401120674770307, guid: 04ce9c606333b674381deb48f233a277,
        type: 3}
      propertyPath: m_LocalPosition.x
      value: 0
      objectReference: {fileID: 0}
    - target: {fileID: 3827401120674770307, guid: 04ce9c606333b674381deb48f233a277,
        type: 3}
      propertyPath: m_LocalPosition.y
      value: 4
      objectReference: {fileID: 0}
    - target: {fileID: 3827401120674770307, guid: 04ce9c606333b674381deb48f233a277,
        type: 3}
      propertyPath: m_LocalPosition.z
      value: 0
      objectReference: {fileID: 0}
    - target: {fileID: 3827401120674770307, guid: 04ce9c606333b674381deb48f233a277,
        type: 3}
      propertyPath: m_LocalRotation.x
      value: -0.70710707
      objectReference: {fileID: 0}
    - target: {fileID: 3827401120674770307, guid: 04ce9c606333b674381deb48f233a277,
        type: 3}
      propertyPath: m_LocalRotation.y
      value: -0
      objectReference: {fileID: 0}
    - target: {fileID: 3827401120674770307, guid: 04ce9c606333b674381deb48f233a277,
        type: 3}
      propertyPath: m_LocalRotation.z
      value: -0
      objectReference: {fileID: 0}
    - target: {fileID: 3827401120674770307, guid: 04ce9c606333b674381deb48f233a277,
        type: 3}
      propertyPath: m_LocalRotation.w
      value: 0.7071066
      objectReference: {fileID: 0}
    - target: {fileID: 3827401120674770307, guid: 04ce9c606333b674381deb48f233a277,
        type: 3}
      propertyPath: m_RootOrder
      value: 3
      objectReference: {fileID: 0}
    - target: {fileID: 3827401120674770307, guid: 04ce9c606333b674381deb48f233a277,
        type: 3}
      propertyPath: m_LocalEulerAnglesHint.x
      value: -90.00001
      objectReference: {fileID: 0}
    - target: {fileID: 3827401120674770307, guid: 04ce9c606333b674381deb48f233a277,
        type: 3}
      propertyPath: m_LocalEulerAnglesHint.y
      value: 0
      objectReference: {fileID: 0}
    - target: {fileID: 3827401120674770307, guid: 04ce9c606333b674381deb48f233a277,
        type: 3}
      propertyPath: m_LocalEulerAnglesHint.z
      value: 0
      objectReference: {fileID: 0}
    - target: {fileID: 8935671478945291720, guid: 04ce9c606333b674381deb48f233a277,
        type: 3}
      propertyPath: m_Name
      value: Pathway
      objectReference: {fileID: 0}
    m_RemovedComponents: []
  m_SourcePrefab: {fileID: 100100000, guid: 04ce9c606333b674381deb48f233a277, type: 3}
--- !u!4 &1974224164992137004 stripped
Transform:
  m_CorrespondingSourceObject: {fileID: 3827401120674770307, guid: 04ce9c606333b674381deb48f233a277,
    type: 3}
  m_PrefabInstance: {fileID: 3348553185539742383}
  m_PrefabAsset: {fileID: 0}
--- !u!114 &833024877696350244 stripped
MonoBehaviour:
  m_CorrespondingSourceObject: {fileID: 2735669416405377675, guid: 04ce9c606333b674381deb48f233a277,
    type: 3}
  m_PrefabInstance: {fileID: 3348553185539742383}
  m_PrefabAsset: {fileID: 0}
  m_GameObject: {fileID: 0}
  m_Enabled: 1
  m_EditorHideFlags: 0
  m_Script: {fileID: 11500000, guid: dd60658e6871a844788f7768b8dd9a51, type: 3}
  m_Name: 
  m_EditorClassIdentifier: 
--- !u!1001 &4064946036156835139
PrefabInstance:
  m_ObjectHideFlags: 0
  serializedVersion: 2
  m_Modification:
    m_TransformParent: {fileID: 5333550234499702482}
    m_Modifications:
    - target: {fileID: 487243255437973317, guid: 740648b0b996ba148a76e0d9b869fb16,
        type: 3}
      propertyPath: m_Size.x
      value: 8
      objectReference: {fileID: 0}
    - target: {fileID: 487243255437973317, guid: 740648b0b996ba148a76e0d9b869fb16,
        type: 3}
      propertyPath: m_Size.y
      value: 8
      objectReference: {fileID: 0}
    - target: {fileID: 487243255437973317, guid: 740648b0b996ba148a76e0d9b869fb16,
        type: 3}
      propertyPath: m_Size.z
      value: 8
      objectReference: {fileID: 0}
    - target: {fileID: 1417693665624029033, guid: 740648b0b996ba148a76e0d9b869fb16,
        type: 3}
      propertyPath: m_Name
      value: Area Data
      objectReference: {fileID: 0}
    - target: {fileID: 4268913019039595364, guid: 740648b0b996ba148a76e0d9b869fb16,
        type: 3}
      propertyPath: pathWays.Array.size
      value: 2
      objectReference: {fileID: 0}
    - target: {fileID: 4268913019039595364, guid: 740648b0b996ba148a76e0d9b869fb16,
        type: 3}
      propertyPath: rootObj
      value: 
      objectReference: {fileID: 5333550234499702482}
    - target: {fileID: 4268913019039595364, guid: 740648b0b996ba148a76e0d9b869fb16,
        type: 3}
      propertyPath: pathWays.Array.data[0]
      value: 
      objectReference: {fileID: 833024877696350244}
    - target: {fileID: 4268913019039595364, guid: 740648b0b996ba148a76e0d9b869fb16,
        type: 3}
      propertyPath: pathWays.Array.data[1]
      value: 
      objectReference: {fileID: 5544881650194176772}
    - target: {fileID: 6391699724059656138, guid: 740648b0b996ba148a76e0d9b869fb16,
        type: 3}
      propertyPath: m_LocalPosition.x
      value: 0
      objectReference: {fileID: 0}
    - target: {fileID: 6391699724059656138, guid: 740648b0b996ba148a76e0d9b869fb16,
        type: 3}
      propertyPath: m_LocalPosition.y
      value: 0
      objectReference: {fileID: 0}
    - target: {fileID: 6391699724059656138, guid: 740648b0b996ba148a76e0d9b869fb16,
        type: 3}
      propertyPath: m_LocalPosition.z
      value: 0
      objectReference: {fileID: 0}
    - target: {fileID: 6391699724059656138, guid: 740648b0b996ba148a76e0d9b869fb16,
        type: 3}
      propertyPath: m_LocalRotation.x
      value: -0
      objectReference: {fileID: 0}
    - target: {fileID: 6391699724059656138, guid: 740648b0b996ba148a76e0d9b869fb16,
        type: 3}
      propertyPath: m_LocalRotation.y
      value: -0
      objectReference: {fileID: 0}
    - target: {fileID: 6391699724059656138, guid: 740648b0b996ba148a76e0d9b869fb16,
        type: 3}
      propertyPath: m_LocalRotation.z
      value: -0
      objectReference: {fileID: 0}
    - target: {fileID: 6391699724059656138, guid: 740648b0b996ba148a76e0d9b869fb16,
        type: 3}
      propertyPath: m_LocalRotation.w
      value: 1
      objectReference: {fileID: 0}
    - target: {fileID: 6391699724059656138, guid: 740648b0b996ba148a76e0d9b869fb16,
        type: 3}
      propertyPath: m_RootOrder
      value: 2
      objectReference: {fileID: 0}
    - target: {fileID: 6391699724059656138, guid: 740648b0b996ba148a76e0d9b869fb16,
        type: 3}
      propertyPath: m_LocalEulerAnglesHint.x
      value: 0
      objectReference: {fileID: 0}
    - target: {fileID: 6391699724059656138, guid: 740648b0b996ba148a76e0d9b869fb16,
        type: 3}
      propertyPath: m_LocalEulerAnglesHint.y
      value: 0
      objectReference: {fileID: 0}
    - target: {fileID: 6391699724059656138, guid: 740648b0b996ba148a76e0d9b869fb16,
        type: 3}
      propertyPath: m_LocalEulerAnglesHint.z
      value: 0
      objectReference: {fileID: 0}
    m_RemovedComponents: []
  m_SourcePrefab: {fileID: 100100000, guid: 740648b0b996ba148a76e0d9b869fb16, type: 3}
--- !u!4 &6979022422956251785 stripped
Transform:
  m_CorrespondingSourceObject: {fileID: 6391699724059656138, guid: 740648b0b996ba148a76e0d9b869fb16,
    type: 3}
  m_PrefabInstance: {fileID: 4064946036156835139}
  m_PrefabAsset: {fileID: 0}
--- !u!1001 &7567292762343209359
PrefabInstance:
  m_ObjectHideFlags: 0
  serializedVersion: 2
  m_Modification:
    m_TransformParent: {fileID: 5333550234499702482}
    m_Modifications:
    - target: {fileID: 2735669416405377675, guid: 04ce9c606333b674381deb48f233a277,
        type: 3}
      propertyPath: isVertical
      value: 1
      objectReference: {fileID: 0}
    - target: {fileID: 3827401120674770307, guid: 04ce9c606333b674381deb48f233a277,
        type: 3}
      propertyPath: m_LocalPosition.x
      value: 0
      objectReference: {fileID: 0}
    - target: {fileID: 3827401120674770307, guid: 04ce9c606333b674381deb48f233a277,
        type: 3}
      propertyPath: m_LocalPosition.y
      value: -4
      objectReference: {fileID: 0}
    - target: {fileID: 3827401120674770307, guid: 04ce9c606333b674381deb48f233a277,
        type: 3}
      propertyPath: m_LocalPosition.z
      value: 0
      objectReference: {fileID: 0}
    - target: {fileID: 3827401120674770307, guid: 04ce9c606333b674381deb48f233a277,
        type: 3}
      propertyPath: m_LocalRotation.x
      value: 0.70710677
      objectReference: {fileID: 0}
    - target: {fileID: 3827401120674770307, guid: 04ce9c606333b674381deb48f233a277,
        type: 3}
      propertyPath: m_LocalRotation.y
      value: -0
      objectReference: {fileID: 0}
    - target: {fileID: 3827401120674770307, guid: 04ce9c606333b674381deb48f233a277,
        type: 3}
      propertyPath: m_LocalRotation.z
      value: -0
      objectReference: {fileID: 0}
    - target: {fileID: 3827401120674770307, guid: 04ce9c606333b674381deb48f233a277,
        type: 3}
      propertyPath: m_LocalRotation.w
      value: 0.7071068
      objectReference: {fileID: 0}
    - target: {fileID: 3827401120674770307, guid: 04ce9c606333b674381deb48f233a277,
        type: 3}
      propertyPath: m_RootOrder
      value: 4
      objectReference: {fileID: 0}
    - target: {fileID: 3827401120674770307, guid: 04ce9c606333b674381deb48f233a277,
        type: 3}
      propertyPath: m_LocalEulerAnglesHint.x
      value: 90.00001
      objectReference: {fileID: 0}
    - target: {fileID: 3827401120674770307, guid: 04ce9c606333b674381deb48f233a277,
        type: 3}
      propertyPath: m_LocalEulerAnglesHint.y
      value: 0
      objectReference: {fileID: 0}
    - target: {fileID: 3827401120674770307, guid: 04ce9c606333b674381deb48f233a277,
        type: 3}
      propertyPath: m_LocalEulerAnglesHint.z
      value: 0
      objectReference: {fileID: 0}
    - target: {fileID: 8935671478945291720, guid: 04ce9c606333b674381deb48f233a277,
        type: 3}
      propertyPath: m_Name
      value: Pathway (1)
      objectReference: {fileID: 0}
    m_RemovedComponents: []
  m_SourcePrefab: {fileID: 100100000, guid: 04ce9c606333b674381deb48f233a277, type: 3}
--- !u!4 &6636552846422152204 stripped
Transform:
  m_CorrespondingSourceObject: {fileID: 3827401120674770307, guid: 04ce9c606333b674381deb48f233a277,
    type: 3}
  m_PrefabInstance: {fileID: 7567292762343209359}
  m_PrefabAsset: {fileID: 0}
--- !u!114 &5544881650194176772 stripped
MonoBehaviour:
  m_CorrespondingSourceObject: {fileID: 2735669416405377675, guid: 04ce9c606333b674381deb48f233a277,
    type: 3}
  m_PrefabInstance: {fileID: 7567292762343209359}
  m_PrefabAsset: {fileID: 0}
  m_GameObject: {fileID: 0}
  m_Enabled: 1
  m_EditorHideFlags: 0
  m_Script: {fileID: 11500000, guid: dd60658e6871a844788f7768b8dd9a51, type: 3}
  m_Name: 
  m_EditorClassIdentifier: 
