%YAML 1.1
%TAG !u! tag:unity3d.com,2011:
--- !u!1 &231348658313299736
GameObject:
  m_ObjectHideFlags: 0
  m_CorrespondingSourceObject: {fileID: 0}
  m_PrefabInstance: {fileID: 0}
  m_PrefabAsset: {fileID: 0}
  serializedVersion: 6
  m_Component:
  - component: {fileID: 3840056575859003298}
  m_Layer: 0
  m_Name: tile_scifi_cap_ceiling
  m_TagString: Untagged
  m_Icon: {fileID: 0}
  m_NavMeshLayer: 0
  m_StaticEditorFlags: 0
  m_IsActive: 1
--- !u!4 &3840056575859003298
Transform:
  m_ObjectHideFlags: 0
  m_CorrespondingSourceObject: {fileID: 0}
  m_PrefabInstance: {fileID: 0}
  m_PrefabAsset: {fileID: 0}
  m_GameObject: {fileID: 231348658313299736}
  m_LocalRotation: {x: -0, y: -0, z: 0.000000014901161, w: 1}
  m_LocalPosition: {x: 0, y: 0, z: 0}
  m_LocalScale: {x: 1, y: 1, z: 1}
  m_Children:
  - {fileID: 8052946168563676486}
  - {fileID: 8666826946411371662}
  - {fileID: 2139513042728705047}
  - {fileID: 7017052303307073156}
  - {fileID: 4310240734265089646}
  m_Father: {fileID: 0}
  m_RootOrder: 0
  m_LocalEulerAnglesHint: {x: 0, y: 0, z: 0}
--- !u!64 &5618646747511870427
MeshCollider:
  m_ObjectHideFlags: 0
  m_CorrespondingSourceObject: {fileID: 0}
  m_PrefabInstance: {fileID: 0}
  m_PrefabAsset: {fileID: 0}
  m_GameObject: {fileID: 2762313045439775146}
  m_Material: {fileID: 0}
  m_IsTrigger: 0
  m_Enabled: 1
  serializedVersion: 4
  m_Convex: 1
  m_CookingOptions: 30
  m_Mesh: {fileID: 8083370092565348262, guid: 3f13dc1e1d0e87f49accb4ee51e28fd6, type: 3}
--- !u!64 &5395943965692833555
MeshCollider:
  m_ObjectHideFlags: 0
  m_CorrespondingSourceObject: {fileID: 0}
  m_PrefabInstance: {fileID: 0}
  m_PrefabAsset: {fileID: 0}
  m_GameObject: {fileID: 2951521522100818536}
  m_Material: {fileID: 0}
  m_IsTrigger: 0
  m_Enabled: 1
  serializedVersion: 4
  m_Convex: 1
  m_CookingOptions: 30
  m_Mesh: {fileID: 8083370092565348262, guid: 3f13dc1e1d0e87f49accb4ee51e28fd6, type: 3}
--- !u!64 &1562762327847200359
MeshCollider:
  m_ObjectHideFlags: 0
  m_CorrespondingSourceObject: {fileID: 0}
  m_PrefabInstance: {fileID: 0}
  m_PrefabAsset: {fileID: 0}
  m_GameObject: {fileID: 7298332994716693060}
  m_Material: {fileID: 0}
  m_IsTrigger: 0
  m_Enabled: 1
  serializedVersion: 4
  m_Convex: 1
  m_CookingOptions: 30
  m_Mesh: {fileID: -3196931592839386413, guid: 3f13dc1e1d0e87f49accb4ee51e28fd6, type: 3}
--- !u!64 &210169991720936022
MeshCollider:
  m_ObjectHideFlags: 0
  m_CorrespondingSourceObject: {fileID: 0}
  m_PrefabInstance: {fileID: 0}
  m_PrefabAsset: {fileID: 0}
  m_GameObject: {fileID: 7775674811341676934}
  m_Material: {fileID: 0}
  m_IsTrigger: 0
  m_Enabled: 1
  serializedVersion: 4
  m_Convex: 1
  m_CookingOptions: 30
  m_Mesh: {fileID: -3196931592839386413, guid: 3f13dc1e1d0e87f49accb4ee51e28fd6, type: 3}
--- !u!95 &3359744906958048670
Animator:
  serializedVersion: 3
  m_ObjectHideFlags: 0
  m_CorrespondingSourceObject: {fileID: 0}
  m_PrefabInstance: {fileID: 0}
  m_PrefabAsset: {fileID: 0}
  m_GameObject: {fileID: 7775674811341676934}
  m_Enabled: 1
  m_Avatar: {fileID: 0}
  m_Controller: {fileID: 9100000, guid: f62e4f257ad19c24eafd8d219cabdf73, type: 2}
  m_CullingMode: 0
  m_UpdateMode: 0
  m_ApplyRootMotion: 0
  m_LinearVelocityBlending: 0
  m_WarningMessage: 
  m_HasTransformHierarchy: 1
  m_AllowConstantClipSamplingOptimization: 1
  m_KeepAnimatorControllerStateOnDisable: 0
--- !u!1001 &2374839805900727108
PrefabInstance:
  m_ObjectHideFlags: 0
  serializedVersion: 2
  m_Modification:
    m_TransformParent: {fileID: 3840056575859003298}
    m_Modifications:
    - target: {fileID: 487243255437973317, guid: 740648b0b996ba148a76e0d9b869fb16,
        type: 3}
      propertyPath: m_Size.x
      value: 6
      objectReference: {fileID: 0}
    - target: {fileID: 487243255437973317, guid: 740648b0b996ba148a76e0d9b869fb16,
        type: 3}
      propertyPath: m_Size.y
      value: 1
      objectReference: {fileID: 0}
    - target: {fileID: 1417693665624029033, guid: 740648b0b996ba148a76e0d9b869fb16,
        type: 3}
      propertyPath: m_Name
      value: Area Data
      objectReference: {fileID: 0}
    - target: {fileID: 4268913019039595364, guid: 740648b0b996ba148a76e0d9b869fb16,
        type: 3}
      propertyPath: pathWays.Array.size
      value: 1
      objectReference: {fileID: 0}
    - target: {fileID: 4268913019039595364, guid: 740648b0b996ba148a76e0d9b869fb16,
        type: 3}
      propertyPath: rootObj
      value: 
      objectReference: {fileID: 3840056575859003298}
    - target: {fileID: 4268913019039595364, guid: 740648b0b996ba148a76e0d9b869fb16,
        type: 3}
      propertyPath: pathWays.Array.data[0]
      value: 
      objectReference: {fileID: 962563175160910623}
    - target: {fileID: 6391699724059656138, guid: 740648b0b996ba148a76e0d9b869fb16,
        type: 3}
      propertyPath: m_LocalPosition.x
      value: 0
      objectReference: {fileID: 0}
    - target: {fileID: 6391699724059656138, guid: 740648b0b996ba148a76e0d9b869fb16,
        type: 3}
      propertyPath: m_LocalPosition.y
      value: 0
      objectReference: {fileID: 0}
    - target: {fileID: 6391699724059656138, guid: 740648b0b996ba148a76e0d9b869fb16,
        type: 3}
      propertyPath: m_LocalPosition.z
      value: 0
      objectReference: {fileID: 0}
    - target: {fileID: 6391699724059656138, guid: 740648b0b996ba148a76e0d9b869fb16,
        type: 3}
      propertyPath: m_LocalRotation.x
      value: -0
      objectReference: {fileID: 0}
    - target: {fileID: 6391699724059656138, guid: 740648b0b996ba148a76e0d9b869fb16,
        type: 3}
      propertyPath: m_LocalRotation.y
      value: -0
      objectReference: {fileID: 0}
    - target: {fileID: 6391699724059656138, guid: 740648b0b996ba148a76e0d9b869fb16,
        type: 3}
      propertyPath: m_LocalRotation.z
      value: -0
      objectReference: {fileID: 0}
    - target: {fileID: 6391699724059656138, guid: 740648b0b996ba148a76e0d9b869fb16,
        type: 3}
      propertyPath: m_LocalRotation.w
      value: 1
      objectReference: {fileID: 0}
    - target: {fileID: 6391699724059656138, guid: 740648b0b996ba148a76e0d9b869fb16,
        type: 3}
      propertyPath: m_RootOrder
      value: 1
      objectReference: {fileID: 0}
    - target: {fileID: 6391699724059656138, guid: 740648b0b996ba148a76e0d9b869fb16,
        type: 3}
      propertyPath: m_LocalEulerAnglesHint.x
      value: 0
      objectReference: {fileID: 0}
    - target: {fileID: 6391699724059656138, guid: 740648b0b996ba148a76e0d9b869fb16,
        type: 3}
      propertyPath: m_LocalEulerAnglesHint.y
      value: 0
      objectReference: {fileID: 0}
    - target: {fileID: 6391699724059656138, guid: 740648b0b996ba148a76e0d9b869fb16,
        type: 3}
      propertyPath: m_LocalEulerAnglesHint.z
      value: 0
      objectReference: {fileID: 0}
    m_RemovedComponents: []
  m_SourcePrefab: {fileID: 100100000, guid: 740648b0b996ba148a76e0d9b869fb16, type: 3}
--- !u!4 &8666826946411371662 stripped
Transform:
  m_CorrespondingSourceObject: {fileID: 6391699724059656138, guid: 740648b0b996ba148a76e0d9b869fb16,
    type: 3}
  m_PrefabInstance: {fileID: 2374839805900727108}
  m_PrefabAsset: {fileID: 0}
--- !u!1001 &2930922845714821524
PrefabInstance:
  m_ObjectHideFlags: 0
  serializedVersion: 2
  m_Modification:
    m_TransformParent: {fileID: 3840056575859003298}
    m_Modifications:
    - target: {fileID: 2735669416405377675, guid: 04ce9c606333b674381deb48f233a277,
        type: 3}
      propertyPath: isVertical
      value: 1
      objectReference: {fileID: 0}
    - target: {fileID: 3827401120674770307, guid: 04ce9c606333b674381deb48f233a277,
        type: 3}
      propertyPath: m_LocalPosition.x
      value: -0.000000032484532
      objectReference: {fileID: 0}
    - target: {fileID: 3827401120674770307, guid: 04ce9c606333b674381deb48f233a277,
        type: 3}
      propertyPath: m_LocalPosition.y
      value: -0.5
      objectReference: {fileID: 0}
    - target: {fileID: 3827401120674770307, guid: 04ce9c606333b674381deb48f233a277,
        type: 3}
      propertyPath: m_LocalPosition.z
      value: 0
      objectReference: {fileID: 0}
    - target: {fileID: 3827401120674770307, guid: 04ce9c606333b674381deb48f233a277,
        type: 3}
      propertyPath: m_LocalRotation.x
      value: -0.70710677
      objectReference: {fileID: 0}
    - target: {fileID: 3827401120674770307, guid: 04ce9c606333b674381deb48f233a277,
        type: 3}
      propertyPath: m_LocalRotation.y
      value: -0
      objectReference: {fileID: 0}
    - target: {fileID: 3827401120674770307, guid: 04ce9c606333b674381deb48f233a277,
        type: 3}
      propertyPath: m_LocalRotation.z
      value: -8.881784e-16
      objectReference: {fileID: 0}
    - target: {fileID: 3827401120674770307, guid: 04ce9c606333b674381deb48f233a277,
        type: 3}
      propertyPath: m_LocalRotation.w
      value: 0.7071068
      objectReference: {fileID: 0}
    - target: {fileID: 3827401120674770307, guid: 04ce9c606333b674381deb48f233a277,
        type: 3}
      propertyPath: m_RootOrder
      value: 2
      objectReference: {fileID: 0}
    - target: {fileID: 3827401120674770307, guid: 04ce9c606333b674381deb48f233a277,
        type: 3}
      propertyPath: m_LocalEulerAnglesHint.x
      value: -90.00001
      objectReference: {fileID: 0}
    - target: {fileID: 3827401120674770307, guid: 04ce9c606333b674381deb48f233a277,
        type: 3}
      propertyPath: m_LocalEulerAnglesHint.y
      value: 0
      objectReference: {fileID: 0}
    - target: {fileID: 3827401120674770307, guid: 04ce9c606333b674381deb48f233a277,
        type: 3}
      propertyPath: m_LocalEulerAnglesHint.z
      value: 0
      objectReference: {fileID: 0}
    - target: {fileID: 8935671478945291720, guid: 04ce9c606333b674381deb48f233a277,
        type: 3}
      propertyPath: m_Name
      value: Pathway
      objectReference: {fileID: 0}
    m_RemovedComponents: []
  m_SourcePrefab: {fileID: 100100000, guid: 04ce9c606333b674381deb48f233a277, type: 3}
--- !u!4 &2139513042728705047 stripped
Transform:
  m_CorrespondingSourceObject: {fileID: 3827401120674770307, guid: 04ce9c606333b674381deb48f233a277,
    type: 3}
  m_PrefabInstance: {fileID: 2930922845714821524}
  m_PrefabAsset: {fileID: 0}
--- !u!114 &962563175160910623 stripped
MonoBehaviour:
  m_CorrespondingSourceObject: {fileID: 2735669416405377675, guid: 04ce9c606333b674381deb48f233a277,
    type: 3}
  m_PrefabInstance: {fileID: 2930922845714821524}
  m_PrefabAsset: {fileID: 0}
  m_GameObject: {fileID: 0}
  m_Enabled: 1
  m_EditorHideFlags: 0
  m_Script: {fileID: 11500000, guid: dd60658e6871a844788f7768b8dd9a51, type: 3}
  m_Name: 
  m_EditorClassIdentifier: 
--- !u!1001 &4979879946798865471
PrefabInstance:
  m_ObjectHideFlags: 0
  serializedVersion: 2
  m_Modification:
    m_TransformParent: {fileID: 3840056575859003298}
    m_Modifications:
    - target: {fileID: 5552967556293835912, guid: b0a1a9552605e1447bc054ed66b2e045,
        type: 3}
      propertyPath: m_Name
      value: scifi_alarm
      objectReference: {fileID: 0}
    - target: {fileID: 9136989391741485649, guid: b0a1a9552605e1447bc054ed66b2e045,
        type: 3}
      propertyPath: m_LocalPosition.x
      value: 0.000000002384187
      objectReference: {fileID: 0}
    - target: {fileID: 9136989391741485649, guid: b0a1a9552605e1447bc054ed66b2e045,
        type: 3}
      propertyPath: m_LocalPosition.y
      value: -1.5
      objectReference: {fileID: 0}
    - target: {fileID: 9136989391741485649, guid: b0a1a9552605e1447bc054ed66b2e045,
        type: 3}
      propertyPath: m_LocalPosition.z
      value: 0
      objectReference: {fileID: 0}
    - target: {fileID: 9136989391741485649, guid: b0a1a9552605e1447bc054ed66b2e045,
        type: 3}
      propertyPath: m_LocalRotation.x
      value: 0
      objectReference: {fileID: 0}
    - target: {fileID: 9136989391741485649, guid: b0a1a9552605e1447bc054ed66b2e045,
        type: 3}
      propertyPath: m_LocalRotation.y
      value: 0
      objectReference: {fileID: 0}
    - target: {fileID: 9136989391741485649, guid: b0a1a9552605e1447bc054ed66b2e045,
        type: 3}
      propertyPath: m_LocalRotation.z
      value: 0
      objectReference: {fileID: 0}
    - target: {fileID: 9136989391741485649, guid: b0a1a9552605e1447bc054ed66b2e045,
        type: 3}
      propertyPath: m_LocalRotation.w
      value: 1
      objectReference: {fileID: 0}
    - target: {fileID: 9136989391741485649, guid: b0a1a9552605e1447bc054ed66b2e045,
        type: 3}
      propertyPath: m_RootOrder
      value: 4
      objectReference: {fileID: 0}
    - target: {fileID: 9136989391741485649, guid: b0a1a9552605e1447bc054ed66b2e045,
        type: 3}
      propertyPath: m_LocalEulerAnglesHint.x
      value: 0
      objectReference: {fileID: 0}
    - target: {fileID: 9136989391741485649, guid: b0a1a9552605e1447bc054ed66b2e045,
        type: 3}
      propertyPath: m_LocalEulerAnglesHint.y
      value: 0
      objectReference: {fileID: 0}
    - target: {fileID: 9136989391741485649, guid: b0a1a9552605e1447bc054ed66b2e045,
        type: 3}
      propertyPath: m_LocalEulerAnglesHint.z
      value: 0
      objectReference: {fileID: 0}
    m_RemovedComponents: []
  m_SourcePrefab: {fileID: 100100000, guid: b0a1a9552605e1447bc054ed66b2e045, type: 3}
--- !u!4 &4310240734265089646 stripped
Transform:
  m_CorrespondingSourceObject: {fileID: 9136989391741485649, guid: b0a1a9552605e1447bc054ed66b2e045,
    type: 3}
  m_PrefabInstance: {fileID: 4979879946798865471}
  m_PrefabAsset: {fileID: 0}
--- !u!1001 &7416068048723444079
PrefabInstance:
  m_ObjectHideFlags: 0
  serializedVersion: 2
  m_Modification:
    m_TransformParent: {fileID: 3840056575859003298}
    m_Modifications:
    - target: {fileID: -8679921383154817045, guid: 3f13dc1e1d0e87f49accb4ee51e28fd6,
        type: 3}
      propertyPath: m_LocalPosition.x
      value: -0.0000000118264865
      objectReference: {fileID: 0}
    - target: {fileID: -8679921383154817045, guid: 3f13dc1e1d0e87f49accb4ee51e28fd6,
        type: 3}
      propertyPath: m_LocalPosition.y
      value: -1
      objectReference: {fileID: 0}
    - target: {fileID: -8679921383154817045, guid: 3f13dc1e1d0e87f49accb4ee51e28fd6,
        type: 3}
      propertyPath: m_LocalPosition.z
      value: 3.252827e-13
      objectReference: {fileID: 0}
    - target: {fileID: -8679921383154817045, guid: 3f13dc1e1d0e87f49accb4ee51e28fd6,
        type: 3}
      propertyPath: m_LocalRotation.x
      value: -0.7071054
      objectReference: {fileID: 0}
    - target: {fileID: -8679921383154817045, guid: 3f13dc1e1d0e87f49accb4ee51e28fd6,
        type: 3}
      propertyPath: m_LocalRotation.y
      value: 0.7071082
      objectReference: {fileID: 0}
    - target: {fileID: -8679921383154817045, guid: 3f13dc1e1d0e87f49accb4ee51e28fd6,
        type: 3}
      propertyPath: m_LocalRotation.z
      value: 0.0000015940883
      objectReference: {fileID: 0}
    - target: {fileID: -8679921383154817045, guid: 3f13dc1e1d0e87f49accb4ee51e28fd6,
        type: 3}
      propertyPath: m_LocalRotation.w
      value: -0.000005811452
      objectReference: {fileID: 0}
    - target: {fileID: -8679921383154817045, guid: 3f13dc1e1d0e87f49accb4ee51e28fd6,
        type: 3}
      propertyPath: m_RootOrder
      value: 3
      objectReference: {fileID: 0}
    - target: {fileID: -8679921383154817045, guid: 3f13dc1e1d0e87f49accb4ee51e28fd6,
        type: 3}
      propertyPath: m_LocalEulerAnglesHint.x
      value: 180
      objectReference: {fileID: 0}
    - target: {fileID: -8679921383154817045, guid: 3f13dc1e1d0e87f49accb4ee51e28fd6,
        type: 3}
      propertyPath: m_LocalEulerAnglesHint.y
      value: -359.99902
      objectReference: {fileID: 0}
    - target: {fileID: -8679921383154817045, guid: 3f13dc1e1d0e87f49accb4ee51e28fd6,
        type: 3}
      propertyPath: m_LocalEulerAnglesHint.z
      value: 89.99999
      objectReference: {fileID: 0}
    - target: {fileID: -8679921383154817045, guid: 3f13dc1e1d0e87f49accb4ee51e28fd6,
        type: 3}
      propertyPath: m_LocalScale.y
      value: -1
      objectReference: {fileID: 0}
    - target: {fileID: -4558030342806273851, guid: 3f13dc1e1d0e87f49accb4ee51e28fd6,
        type: 3}
      propertyPath: m_StaticEditorFlags
      value: 4294967295
      objectReference: {fileID: 0}
    - target: {fileID: -4393357274507670970, guid: 3f13dc1e1d0e87f49accb4ee51e28fd6,
        type: 3}
      propertyPath: m_Materials.Array.data[0]
      value: 
      objectReference: {fileID: 2100000, guid: 99f78ec412f6e414bbb68c420351ecb3, type: 2}
    - target: {fileID: -4393357274507670970, guid: 3f13dc1e1d0e87f49accb4ee51e28fd6,
        type: 3}
      propertyPath: m_CastShadows
      value: 2
      objectReference: {fileID: 0}
    - target: {fileID: -2061088686698499783, guid: 3f13dc1e1d0e87f49accb4ee51e28fd6,
        type: 3}
      propertyPath: m_Materials.Array.data[0]
      value: 
      objectReference: {fileID: 2100000, guid: 298ed8dba052f51489a949db45351d79, type: 2}
    - target: {fileID: -2061088686698499783, guid: 3f13dc1e1d0e87f49accb4ee51e28fd6,
        type: 3}
      propertyPath: m_CastShadows
      value: 2
      objectReference: {fileID: 0}
    - target: {fileID: 919132149155446097, guid: 3f13dc1e1d0e87f49accb4ee51e28fd6,
        type: 3}
      propertyPath: m_Name
      value: tile_cap (1)
      objectReference: {fileID: 0}
    - target: {fileID: 919132149155446097, guid: 3f13dc1e1d0e87f49accb4ee51e28fd6,
        type: 3}
      propertyPath: m_StaticEditorFlags
      value: 4294967295
      objectReference: {fileID: 0}
    - target: {fileID: 919132149155446097, guid: 3f13dc1e1d0e87f49accb4ee51e28fd6,
        type: 3}
      propertyPath: m_IsActive
      value: 1
      objectReference: {fileID: 0}
    - target: {fileID: 937757601732501737, guid: 3f13dc1e1d0e87f49accb4ee51e28fd6,
        type: 3}
      propertyPath: m_StaticEditorFlags
      value: 4294967295
      objectReference: {fileID: 0}
    m_RemovedComponents: []
  m_SourcePrefab: {fileID: 100100000, guid: 3f13dc1e1d0e87f49accb4ee51e28fd6, type: 3}
--- !u!4 &7017052303307073156 stripped
Transform:
  m_CorrespondingSourceObject: {fileID: -8679921383154817045, guid: 3f13dc1e1d0e87f49accb4ee51e28fd6,
    type: 3}
  m_PrefabInstance: {fileID: 7416068048723444079}
  m_PrefabAsset: {fileID: 0}
--- !u!1 &7775674811341676934 stripped
GameObject:
  m_CorrespondingSourceObject: {fileID: 937757601732501737, guid: 3f13dc1e1d0e87f49accb4ee51e28fd6,
    type: 3}
  m_PrefabInstance: {fileID: 7416068048723444079}
  m_PrefabAsset: {fileID: 0}
--- !u!1 &2762313045439775146 stripped
GameObject:
  m_CorrespondingSourceObject: {fileID: -4558030342806273851, guid: 3f13dc1e1d0e87f49accb4ee51e28fd6,
    type: 3}
  m_PrefabInstance: {fileID: 7416068048723444079}
  m_PrefabAsset: {fileID: 0}
--- !u!1001 &7515230844612104877
PrefabInstance:
  m_ObjectHideFlags: 0
  serializedVersion: 2
  m_Modification:
    m_TransformParent: {fileID: 3840056575859003298}
    m_Modifications:
    - target: {fileID: -8679921383154817045, guid: 3f13dc1e1d0e87f49accb4ee51e28fd6,
        type: 3}
      propertyPath: m_LocalPosition.x
      value: 0
      objectReference: {fileID: 0}
    - target: {fileID: -8679921383154817045, guid: 3f13dc1e1d0e87f49accb4ee51e28fd6,
        type: 3}
      propertyPath: m_LocalPosition.y
      value: 0
      objectReference: {fileID: 0}
    - target: {fileID: -8679921383154817045, guid: 3f13dc1e1d0e87f49accb4ee51e28fd6,
        type: 3}
      propertyPath: m_LocalPosition.z
      value: 0
      objectReference: {fileID: 0}
    - target: {fileID: -8679921383154817045, guid: 3f13dc1e1d0e87f49accb4ee51e28fd6,
        type: 3}
      propertyPath: m_LocalRotation.x
      value: -0
      objectReference: {fileID: 0}
    - target: {fileID: -8679921383154817045, guid: 3f13dc1e1d0e87f49accb4ee51e28fd6,
        type: 3}
      propertyPath: m_LocalRotation.y
      value: -0
      objectReference: {fileID: 0}
    - target: {fileID: -8679921383154817045, guid: 3f13dc1e1d0e87f49accb4ee51e28fd6,
        type: 3}
      propertyPath: m_LocalRotation.z
      value: -0.70710576
      objectReference: {fileID: 0}
    - target: {fileID: -8679921383154817045, guid: 3f13dc1e1d0e87f49accb4ee51e28fd6,
        type: 3}
      propertyPath: m_LocalRotation.w
      value: 0.70710784
      objectReference: {fileID: 0}
    - target: {fileID: -8679921383154817045, guid: 3f13dc1e1d0e87f49accb4ee51e28fd6,
        type: 3}
      propertyPath: m_RootOrder
      value: 0
      objectReference: {fileID: 0}
    - target: {fileID: -8679921383154817045, guid: 3f13dc1e1d0e87f49accb4ee51e28fd6,
        type: 3}
      propertyPath: m_LocalEulerAnglesHint.x
      value: 0
      objectReference: {fileID: 0}
    - target: {fileID: -8679921383154817045, guid: 3f13dc1e1d0e87f49accb4ee51e28fd6,
        type: 3}
      propertyPath: m_LocalEulerAnglesHint.y
      value: 0
      objectReference: {fileID: 0}
    - target: {fileID: -8679921383154817045, guid: 3f13dc1e1d0e87f49accb4ee51e28fd6,
        type: 3}
      propertyPath: m_LocalEulerAnglesHint.z
      value: -90.00001
      objectReference: {fileID: 0}
    - target: {fileID: -4558030342806273851, guid: 3f13dc1e1d0e87f49accb4ee51e28fd6,
        type: 3}
      propertyPath: m_StaticEditorFlags
      value: 4294967295
      objectReference: {fileID: 0}
    - target: {fileID: -4393357274507670970, guid: 3f13dc1e1d0e87f49accb4ee51e28fd6,
        type: 3}
      propertyPath: m_Materials.Array.data[0]
      value: 
      objectReference: {fileID: 2100000, guid: 99f78ec412f6e414bbb68c420351ecb3, type: 2}
    - target: {fileID: -4393357274507670970, guid: 3f13dc1e1d0e87f49accb4ee51e28fd6,
        type: 3}
      propertyPath: m_CastShadows
      value: 2
      objectReference: {fileID: 0}
    - target: {fileID: -2061088686698499783, guid: 3f13dc1e1d0e87f49accb4ee51e28fd6,
        type: 3}
      propertyPath: m_Materials.Array.data[0]
      value: 
      objectReference: {fileID: 2100000, guid: b3cfc64602554f14996123cd17dac12e, type: 2}
    - target: {fileID: -2061088686698499783, guid: 3f13dc1e1d0e87f49accb4ee51e28fd6,
        type: 3}
      propertyPath: m_CastShadows
      value: 2
      objectReference: {fileID: 0}
    - target: {fileID: 919132149155446097, guid: 3f13dc1e1d0e87f49accb4ee51e28fd6,
        type: 3}
      propertyPath: m_Name
      value: tile_cap
      objectReference: {fileID: 0}
    - target: {fileID: 919132149155446097, guid: 3f13dc1e1d0e87f49accb4ee51e28fd6,
        type: 3}
      propertyPath: m_StaticEditorFlags
      value: 4294967295
      objectReference: {fileID: 0}
    - target: {fileID: 937757601732501737, guid: 3f13dc1e1d0e87f49accb4ee51e28fd6,
        type: 3}
      propertyPath: m_StaticEditorFlags
      value: 4294967295
      objectReference: {fileID: 0}
    m_RemovedComponents: []
  m_SourcePrefab: {fileID: 100100000, guid: 3f13dc1e1d0e87f49accb4ee51e28fd6, type: 3}
--- !u!4 &8052946168563676486 stripped
Transform:
  m_CorrespondingSourceObject: {fileID: -8679921383154817045, guid: 3f13dc1e1d0e87f49accb4ee51e28fd6,
    type: 3}
  m_PrefabInstance: {fileID: 7515230844612104877}
  m_PrefabAsset: {fileID: 0}
--- !u!1 &7298332994716693060 stripped
GameObject:
  m_CorrespondingSourceObject: {fileID: 937757601732501737, guid: 3f13dc1e1d0e87f49accb4ee51e28fd6,
    type: 3}
  m_PrefabInstance: {fileID: 7515230844612104877}
  m_PrefabAsset: {fileID: 0}
--- !u!1 &2951521522100818536 stripped
GameObject:
  m_CorrespondingSourceObject: {fileID: -4558030342806273851, guid: 3f13dc1e1d0e87f49accb4ee51e28fd6,
    type: 3}
  m_PrefabInstance: {fileID: 7515230844612104877}
  m_PrefabAsset: {fileID: 0}
