%YAML 1.1
%TAG !u! tag:unity3d.com,2011:
--- !u!1 &5180604057048963021
GameObject:
  m_ObjectHideFlags: 0
  m_CorrespondingSourceObject: {fileID: 0}
  m_PrefabInstance: {fileID: 0}
  m_PrefabAsset: {fileID: 0}
  serializedVersion: 6
  m_Component:
  - component: {fileID: 2016344730090775202}
  - component: {fileID: -7534801393725074124}
  m_Layer: 0
  m_Name: pickup_special
  m_TagString: Untagged
  m_Icon: {fileID: 0}
  m_NavMeshLayer: 0
  m_StaticEditorFlags: 0
  m_IsActive: 1
--- !u!4 &2016344730090775202
Transform:
  m_ObjectHideFlags: 0
  m_CorrespondingSourceObject: {fileID: 0}
  m_PrefabInstance: {fileID: 0}
  m_PrefabAsset: {fileID: 0}
  m_GameObject: {fileID: 5180604057048963021}
  m_LocalRotation: {x: 0, y: 0, z: 0, w: 1}
  m_LocalPosition: {x: 0, y: 1, z: 0}
  m_LocalScale: {x: 1, y: 1, z: 1}
  m_Children:
  - {fileID: 5675420293293139791}
  - {fileID: 3661613897393267978}
  m_Father: {fileID: 0}
  m_RootOrder: 0
  m_LocalEulerAnglesHint: {x: 0, y: 0, z: 0}
--- !u!95 &-7534801393725074124
Animator:
  serializedVersion: 3
  m_ObjectHideFlags: 0
  m_CorrespondingSourceObject: {fileID: 0}
  m_PrefabInstance: {fileID: 0}
  m_PrefabAsset: {fileID: 0}
  m_GameObject: {fileID: 5180604057048963021}
  m_Enabled: 1
  m_Avatar: {fileID: 0}
  m_Controller: {fileID: 9100000, guid: 74ec989529e44c746af55d8c79f0cf07, type: 2}
  m_CullingMode: 0
  m_UpdateMode: 0
  m_ApplyRootMotion: 0
  m_LinearVelocityBlending: 0
  m_WarningMessage: 
  m_HasTransformHierarchy: 1
  m_AllowConstantClipSamplingOptimization: 1
  m_KeepAnimatorControllerStateOnDisable: 0
--- !u!1001 &3665778498963127818
PrefabInstance:
  m_ObjectHideFlags: 0
  serializedVersion: 2
  m_Modification:
    m_TransformParent: {fileID: 2016344730090775202}
    m_Modifications:
    - target: {fileID: 1545806602296978, guid: a52516f935770fc46a030b4477884b42, type: 3}
      propertyPath: m_Name
      value: CFX_Magical_Source 1
      objectReference: {fileID: 0}
    - target: {fileID: 4464497929771776, guid: a52516f935770fc46a030b4477884b42, type: 3}
      propertyPath: m_LocalPosition.x
      value: 0
      objectReference: {fileID: 0}
    - target: {fileID: 4464497929771776, guid: a52516f935770fc46a030b4477884b42, type: 3}
      propertyPath: m_LocalPosition.y
      value: 0
      objectReference: {fileID: 0}
    - target: {fileID: 4464497929771776, guid: a52516f935770fc46a030b4477884b42, type: 3}
      propertyPath: m_LocalPosition.z
      value: 0
      objectReference: {fileID: 0}
    - target: {fileID: 4464497929771776, guid: a52516f935770fc46a030b4477884b42, type: 3}
      propertyPath: m_LocalRotation.x
      value: 0
      objectReference: {fileID: 0}
    - target: {fileID: 4464497929771776, guid: a52516f935770fc46a030b4477884b42, type: 3}
      propertyPath: m_LocalRotation.y
      value: 0
      objectReference: {fileID: 0}
    - target: {fileID: 4464497929771776, guid: a52516f935770fc46a030b4477884b42, type: 3}
      propertyPath: m_LocalRotation.z
      value: 0
      objectReference: {fileID: 0}
    - target: {fileID: 4464497929771776, guid: a52516f935770fc46a030b4477884b42, type: 3}
      propertyPath: m_LocalRotation.w
      value: 1
      objectReference: {fileID: 0}
    - target: {fileID: 4464497929771776, guid: a52516f935770fc46a030b4477884b42, type: 3}
      propertyPath: m_RootOrder
      value: 1
      objectReference: {fileID: 0}
    - target: {fileID: 4464497929771776, guid: a52516f935770fc46a030b4477884b42, type: 3}
      propertyPath: m_LocalEulerAnglesHint.x
      value: 0
      objectReference: {fileID: 0}
    - target: {fileID: 4464497929771776, guid: a52516f935770fc46a030b4477884b42, type: 3}
      propertyPath: m_LocalEulerAnglesHint.y
      value: 0
      objectReference: {fileID: 0}
    - target: {fileID: 4464497929771776, guid: a52516f935770fc46a030b4477884b42, type: 3}
      propertyPath: m_LocalEulerAnglesHint.z
      value: 0
      objectReference: {fileID: 0}
    m_RemovedComponents: []
  m_SourcePrefab: {fileID: 100100000, guid: a52516f935770fc46a030b4477884b42, type: 3}
--- !u!4 &3661613897393267978 stripped
Transform:
  m_CorrespondingSourceObject: {fileID: 4464497929771776, guid: a52516f935770fc46a030b4477884b42,
    type: 3}
  m_PrefabInstance: {fileID: 3665778498963127818}
  m_PrefabAsset: {fileID: 0}
--- !u!1001 &5280925565929029796
PrefabInstance:
  m_ObjectHideFlags: 0
  serializedVersion: 2
  m_Modification:
    m_TransformParent: {fileID: 2016344730090775202}
    m_Modifications:
    - target: {fileID: -8679921383154817045, guid: ed94079eaa92e894f978ba889f4a78cb,
        type: 3}
      propertyPath: m_LocalPosition.x
      value: 0
      objectReference: {fileID: 0}
    - target: {fileID: -8679921383154817045, guid: ed94079eaa92e894f978ba889f4a78cb,
        type: 3}
      propertyPath: m_LocalPosition.y
      value: 0
      objectReference: {fileID: 0}
    - target: {fileID: -8679921383154817045, guid: ed94079eaa92e894f978ba889f4a78cb,
        type: 3}
      propertyPath: m_LocalPosition.z
      value: 0
      objectReference: {fileID: 0}
    - target: {fileID: -8679921383154817045, guid: ed94079eaa92e894f978ba889f4a78cb,
        type: 3}
      propertyPath: m_LocalRotation.x
      value: -0
      objectReference: {fileID: 0}
    - target: {fileID: -8679921383154817045, guid: ed94079eaa92e894f978ba889f4a78cb,
        type: 3}
      propertyPath: m_LocalRotation.y
      value: -0
      objectReference: {fileID: 0}
    - target: {fileID: -8679921383154817045, guid: ed94079eaa92e894f978ba889f4a78cb,
        type: 3}
      propertyPath: m_LocalRotation.z
      value: -0
      objectReference: {fileID: 0}
    - target: {fileID: -8679921383154817045, guid: ed94079eaa92e894f978ba889f4a78cb,
        type: 3}
      propertyPath: m_LocalRotation.w
      value: 1
      objectReference: {fileID: 0}
    - target: {fileID: -8679921383154817045, guid: ed94079eaa92e894f978ba889f4a78cb,
        type: 3}
      propertyPath: m_RootOrder
      value: 0
      objectReference: {fileID: 0}
    - target: {fileID: -8679921383154817045, guid: ed94079eaa92e894f978ba889f4a78cb,
        type: 3}
      propertyPath: m_LocalEulerAnglesHint.x
      value: 0
      objectReference: {fileID: 0}
    - target: {fileID: -8679921383154817045, guid: ed94079eaa92e894f978ba889f4a78cb,
        type: 3}
      propertyPath: m_LocalEulerAnglesHint.y
      value: 0
      objectReference: {fileID: 0}
    - target: {fileID: -8679921383154817045, guid: ed94079eaa92e894f978ba889f4a78cb,
        type: 3}
      propertyPath: m_LocalEulerAnglesHint.z
      value: 0
      objectReference: {fileID: 0}
    - target: {fileID: -1412854034989570731, guid: ed94079eaa92e894f978ba889f4a78cb,
        type: 3}
      propertyPath: m_Materials.Array.data[0]
      value: 
      objectReference: {fileID: 2100000, guid: 120ec855b20318a40ad45b7d81701fd0, type: 2}
    - target: {fileID: 919132149155446097, guid: ed94079eaa92e894f978ba889f4a78cb,
        type: 3}
      propertyPath: m_Name
      value: pickup_special
      objectReference: {fileID: 0}
    m_RemovedComponents: []
  m_SourcePrefab: {fileID: 100100000, guid: ed94079eaa92e894f978ba889f4a78cb, type: 3}
--- !u!4 &5675420293293139791 stripped
Transform:
  m_CorrespondingSourceObject: {fileID: -8679921383154817045, guid: ed94079eaa92e894f978ba889f4a78cb,
    type: 3}
  m_PrefabInstance: {fileID: 5280925565929029796}
  m_PrefabAsset: {fileID: 0}
