%YAML 1.1
%TAG !u! tag:unity3d.com,2011:
--- !u!65 &7775050083582487567
BoxCollider:
  m_ObjectHideFlags: 0
  m_CorrespondingSourceObject: {fileID: 0}
  m_PrefabInstance: {fileID: 0}
  m_PrefabAsset: {fileID: 0}
  m_GameObject: {fileID: 3387848092327577210}
  m_Material: {fileID: 0}
  m_IsTrigger: 0
  m_Enabled: 1
  serializedVersion: 2
  m_Size: {x: 0.9528, y: 1, z: 1}
  m_Center: {x: 0, y: 0.5, z: 0}
--- !u!95 &7911628710446795532
Animator:
  serializedVersion: 3
  m_ObjectHideFlags: 0
  m_CorrespondingSourceObject: {fileID: 0}
  m_PrefabInstance: {fileID: 0}
  m_PrefabAsset: {fileID: 0}
  m_GameObject: {fileID: 3387848092327577210}
  m_Enabled: 1
  m_Avatar: {fileID: 0}
  m_Controller: {fileID: 9100000, guid: 7f11dcce111549f45bcc75508621dcfb, type: 2}
  m_CullingMode: 0
  m_UpdateMode: 0
  m_ApplyRootMotion: 0
  m_LinearVelocityBlending: 0
  m_WarningMessage: 
  m_HasTransformHierarchy: 1
  m_AllowConstantClipSamplingOptimization: 1
  m_KeepAnimatorControllerStateOnDisable: 0
--- !u!1 &6188732617227293226
GameObject:
  m_ObjectHideFlags: 0
  m_CorrespondingSourceObject: {fileID: 0}
  m_PrefabInstance: {fileID: 0}
  m_PrefabAsset: {fileID: 0}
  serializedVersion: 6
  m_Component:
  - component: {fileID: 8054328245754779317}
  - component: {fileID: 6574221942608811837}
  - component: {fileID: 6711204849715828680}
  - component: {fileID: 7250055670881164146}
  - component: {fileID: 2132743605335478187}
  m_Layer: 0
  m_Name: deco_crate_small
  m_TagString: Untagged
  m_Icon: {fileID: 0}
  m_NavMeshLayer: 0
  m_StaticEditorFlags: 0
  m_IsActive: 1
--- !u!4 &8054328245754779317
Transform:
  m_ObjectHideFlags: 0
  m_CorrespondingSourceObject: {fileID: 0}
  m_PrefabInstance: {fileID: 0}
  m_PrefabAsset: {fileID: 0}
  m_GameObject: {fileID: 6188732617227293226}
  m_LocalRotation: {x: -0, y: -0, z: -0, w: 1}
  m_LocalPosition: {x: 0, y: 0, z: 0}
  m_LocalScale: {x: 1, y: 1, z: 1}
  m_Children:
  - {fileID: 2848532209561043617}
  - {fileID: 7027221135139164109}
  m_Father: {fileID: 0}
  m_RootOrder: 0
  m_LocalEulerAnglesHint: {x: 0, y: 0, z: 0}
--- !u!54 &6574221942608811837
Rigidbody:
  m_ObjectHideFlags: 0
  m_CorrespondingSourceObject: {fileID: 0}
  m_PrefabInstance: {fileID: 0}
  m_PrefabAsset: {fileID: 0}
  m_GameObject: {fileID: 6188732617227293226}
  serializedVersion: 2
  m_Mass: 10
  m_Drag: 5
  m_AngularDrag: 0.05
  m_UseGravity: 1
  m_IsKinematic: 0
  m_Interpolate: 0
  m_Constraints: 0
  m_CollisionDetection: 0
--- !u!114 &6711204849715828680
MonoBehaviour:
  m_ObjectHideFlags: 0
  m_CorrespondingSourceObject: {fileID: 0}
  m_PrefabInstance: {fileID: 0}
  m_PrefabAsset: {fileID: 0}
  m_GameObject: {fileID: 6188732617227293226}
  m_Enabled: 1
  m_EditorHideFlags: 0
  m_Script: {fileID: 11500000, guid: ab583992e90f9da40b7cf9ce7ce90770, type: 3}
  m_Name: 
  m_EditorClassIdentifier: 
  maxHP: 0
  currentHP: 1
  onDieEvent:
    m_PersistentCalls:
      m_Calls:
      - m_Target: {fileID: 8629769864479371533}
        m_MethodName: Spawn
        m_Mode: 1
        m_Arguments:
          m_ObjectArgument: {fileID: 0}
          m_ObjectArgumentAssemblyTypeName: UnityEngine.Object, UnityEngine
          m_IntArgument: 0
          m_FloatArgument: 0
          m_StringArgument: 
          m_BoolArgument: 0
        m_CallState: 2
  deathScore: 0
  deathParticles: {fileID: 8898408782899009470, guid: 526222059d1df9a4b8e2609aeb761ad6,
    type: 3}
--- !u!114 &7250055670881164146
MonoBehaviour:
  m_ObjectHideFlags: 0
  m_CorrespondingSourceObject: {fileID: 0}
  m_PrefabInstance: {fileID: 0}
  m_PrefabAsset: {fileID: 0}
  m_GameObject: {fileID: 6188732617227293226}
  m_Enabled: 1
  m_EditorHideFlags: 0
  m_Script: {fileID: 11500000, guid: 1790c800c6bdf1b4c9e278031857c6c7, type: 3}
  m_Name: 
  m_EditorClassIdentifier: 
  healthRef: {fileID: 6711204849715828680}
  onHitEvents:
    m_PersistentCalls:
      m_Calls: []
--- !u!65 &2132743605335478187
BoxCollider:
  m_ObjectHideFlags: 0
  m_CorrespondingSourceObject: {fileID: 0}
  m_PrefabInstance: {fileID: 0}
  m_PrefabAsset: {fileID: 0}
  m_GameObject: {fileID: 6188732617227293226}
  m_Material: {fileID: 0}
  m_IsTrigger: 1
  m_Enabled: 1
  serializedVersion: 2
  m_Size: {x: 1.25, y: 1.25, z: 1.25}
  m_Center: {x: 0, y: 0.5, z: 0}
--- !u!1001 &2306614379645789514
PrefabInstance:
  m_ObjectHideFlags: 0
  serializedVersion: 2
  m_Modification:
    m_TransformParent: {fileID: 8054328245754779317}
    m_Modifications:
    - target: {fileID: -8679921383154817045, guid: e9855055b126424479ba00df54189c28,
        type: 3}
      propertyPath: m_LocalPosition.x
      value: 0
      objectReference: {fileID: 0}
    - target: {fileID: -8679921383154817045, guid: e9855055b126424479ba00df54189c28,
        type: 3}
      propertyPath: m_LocalPosition.y
      value: 0
      objectReference: {fileID: 0}
    - target: {fileID: -8679921383154817045, guid: e9855055b126424479ba00df54189c28,
        type: 3}
      propertyPath: m_LocalPosition.z
      value: 0
      objectReference: {fileID: 0}
    - target: {fileID: -8679921383154817045, guid: e9855055b126424479ba00df54189c28,
        type: 3}
      propertyPath: m_LocalRotation.x
      value: -0
      objectReference: {fileID: 0}
    - target: {fileID: -8679921383154817045, guid: e9855055b126424479ba00df54189c28,
        type: 3}
      propertyPath: m_LocalRotation.y
      value: -0
      objectReference: {fileID: 0}
    - target: {fileID: -8679921383154817045, guid: e9855055b126424479ba00df54189c28,
        type: 3}
      propertyPath: m_LocalRotation.z
      value: -0
      objectReference: {fileID: 0}
    - target: {fileID: -8679921383154817045, guid: e9855055b126424479ba00df54189c28,
        type: 3}
      propertyPath: m_LocalRotation.w
      value: 1
      objectReference: {fileID: 0}
    - target: {fileID: -8679921383154817045, guid: e9855055b126424479ba00df54189c28,
        type: 3}
      propertyPath: m_RootOrder
      value: 0
      objectReference: {fileID: 0}
    - target: {fileID: -8679921383154817045, guid: e9855055b126424479ba00df54189c28,
        type: 3}
      propertyPath: m_LocalEulerAnglesHint.x
      value: 0
      objectReference: {fileID: 0}
    - target: {fileID: -8679921383154817045, guid: e9855055b126424479ba00df54189c28,
        type: 3}
      propertyPath: m_LocalEulerAnglesHint.y
      value: 0
      objectReference: {fileID: 0}
    - target: {fileID: -8679921383154817045, guid: e9855055b126424479ba00df54189c28,
        type: 3}
      propertyPath: m_LocalEulerAnglesHint.z
      value: 0
      objectReference: {fileID: 0}
    - target: {fileID: -6334636102671252186, guid: e9855055b126424479ba00df54189c28,
        type: 3}
      propertyPath: m_Materials.Array.data[0]
      value: 
      objectReference: {fileID: 2100000, guid: ec2ba24bcb1417c4aa335b5c6518e11f, type: 2}
    - target: {fileID: 919132149155446097, guid: e9855055b126424479ba00df54189c28,
        type: 3}
      propertyPath: m_Name
      value: crate_small
      objectReference: {fileID: 0}
    - target: {fileID: 919132149155446097, guid: e9855055b126424479ba00df54189c28,
        type: 3}
      propertyPath: m_StaticEditorFlags
      value: 4294967295
      objectReference: {fileID: 0}
    - target: {fileID: 1082746744182399792, guid: e9855055b126424479ba00df54189c28,
        type: 3}
      propertyPath: m_StaticEditorFlags
      value: 4294967295
      objectReference: {fileID: 0}
    m_RemovedComponents: []
  m_SourcePrefab: {fileID: 100100000, guid: e9855055b126424479ba00df54189c28, type: 3}
--- !u!4 &2848532209561043617 stripped
Transform:
  m_CorrespondingSourceObject: {fileID: -8679921383154817045, guid: e9855055b126424479ba00df54189c28,
    type: 3}
  m_PrefabInstance: {fileID: 2306614379645789514}
  m_PrefabAsset: {fileID: 0}
--- !u!1 &3387848092327577210 stripped
GameObject:
  m_CorrespondingSourceObject: {fileID: 1082746744182399792, guid: e9855055b126424479ba00df54189c28,
    type: 3}
  m_PrefabInstance: {fileID: 2306614379645789514}
  m_PrefabAsset: {fileID: 0}
--- !u!1001 &3427855277730681893
PrefabInstance:
  m_ObjectHideFlags: 0
  serializedVersion: 2
  m_Modification:
    m_TransformParent: {fileID: 8054328245754779317}
    m_Modifications:
    - target: {fileID: 5627111761447721960, guid: 4cc9b076fb673c448992b0809f40dea7,
        type: 3}
      propertyPath: m_LocalPosition.x
      value: 0
      objectReference: {fileID: 0}
    - target: {fileID: 5627111761447721960, guid: 4cc9b076fb673c448992b0809f40dea7,
        type: 3}
      propertyPath: m_LocalPosition.y
      value: 0
      objectReference: {fileID: 0}
    - target: {fileID: 5627111761447721960, guid: 4cc9b076fb673c448992b0809f40dea7,
        type: 3}
      propertyPath: m_LocalPosition.z
      value: 0
      objectReference: {fileID: 0}
    - target: {fileID: 5627111761447721960, guid: 4cc9b076fb673c448992b0809f40dea7,
        type: 3}
      propertyPath: m_LocalRotation.x
      value: -0
      objectReference: {fileID: 0}
    - target: {fileID: 5627111761447721960, guid: 4cc9b076fb673c448992b0809f40dea7,
        type: 3}
      propertyPath: m_LocalRotation.y
      value: -0
      objectReference: {fileID: 0}
    - target: {fileID: 5627111761447721960, guid: 4cc9b076fb673c448992b0809f40dea7,
        type: 3}
      propertyPath: m_LocalRotation.z
      value: -0
      objectReference: {fileID: 0}
    - target: {fileID: 5627111761447721960, guid: 4cc9b076fb673c448992b0809f40dea7,
        type: 3}
      propertyPath: m_LocalRotation.w
      value: 1
      objectReference: {fileID: 0}
    - target: {fileID: 5627111761447721960, guid: 4cc9b076fb673c448992b0809f40dea7,
        type: 3}
      propertyPath: m_RootOrder
      value: 1
      objectReference: {fileID: 0}
    - target: {fileID: 5627111761447721960, guid: 4cc9b076fb673c448992b0809f40dea7,
        type: 3}
      propertyPath: m_LocalEulerAnglesHint.x
      value: 0
      objectReference: {fileID: 0}
    - target: {fileID: 5627111761447721960, guid: 4cc9b076fb673c448992b0809f40dea7,
        type: 3}
      propertyPath: m_LocalEulerAnglesHint.y
      value: 0
      objectReference: {fileID: 0}
    - target: {fileID: 5627111761447721960, guid: 4cc9b076fb673c448992b0809f40dea7,
        type: 3}
      propertyPath: m_LocalEulerAnglesHint.z
      value: 0
      objectReference: {fileID: 0}
    - target: {fileID: 6363913715527197992, guid: 4cc9b076fb673c448992b0809f40dea7,
        type: 3}
      propertyPath: spawnables.Array.size
      value: 2
      objectReference: {fileID: 0}
    - target: {fileID: 6363913715527197992, guid: 4cc9b076fb673c448992b0809f40dea7,
        type: 3}
      propertyPath: spawnables.Array.data[0].obj
      value: 
      objectReference: {fileID: 7131014842931362030, guid: 9d148abffddb2d14496bc9da0dfd3017,
        type: 3}
    - target: {fileID: 6363913715527197992, guid: 4cc9b076fb673c448992b0809f40dea7,
        type: 3}
      propertyPath: spawnables.Array.data[0].frequency
      value: 50
      objectReference: {fileID: 0}
    - target: {fileID: 6363913715527197992, guid: 4cc9b076fb673c448992b0809f40dea7,
        type: 3}
      propertyPath: spawnables.Array.data[1].frequency
      value: 100
      objectReference: {fileID: 0}
    - target: {fileID: 6363913715527197992, guid: 4cc9b076fb673c448992b0809f40dea7,
        type: 3}
      propertyPath: spawnOnStart
      value: 0
      objectReference: {fileID: 0}
    - target: {fileID: 7131014842931362030, guid: 4cc9b076fb673c448992b0809f40dea7,
        type: 3}
      propertyPath: m_Name
      value: Empty Spawner
      objectReference: {fileID: 0}
    m_RemovedComponents: []
  m_SourcePrefab: {fileID: 100100000, guid: 4cc9b076fb673c448992b0809f40dea7, type: 3}
--- !u!4 &7027221135139164109 stripped
Transform:
  m_CorrespondingSourceObject: {fileID: 5627111761447721960, guid: 4cc9b076fb673c448992b0809f40dea7,
    type: 3}
  m_PrefabInstance: {fileID: 3427855277730681893}
  m_PrefabAsset: {fileID: 0}
--- !u!114 &8629769864479371533 stripped
MonoBehaviour:
  m_CorrespondingSourceObject: {fileID: 6363913715527197992, guid: 4cc9b076fb673c448992b0809f40dea7,
    type: 3}
  m_PrefabInstance: {fileID: 3427855277730681893}
  m_PrefabAsset: {fileID: 0}
  m_GameObject: {fileID: 0}
  m_Enabled: 1
  m_EditorHideFlags: 0
  m_Script: {fileID: 11500000, guid: bd4ba96eb25bbcd4dbac27c79249e450, type: 3}
  m_Name: 
  m_EditorClassIdentifier: 
