%YAML 1.1
%TAG !u! tag:unity3d.com,2011:
--- !u!1 &166423877568439105
GameObject:
  m_ObjectHideFlags: 0
  m_CorrespondingSourceObject: {fileID: 0}
  m_PrefabInstance: {fileID: 0}
  m_PrefabAsset: {fileID: 0}
  serializedVersion: 6
  m_Component:
  - component: {fileID: 2762605275526976807}
  - component: {fileID: 1071232295667659945}
  m_Layer: 0
  m_Name: Point Light
  m_TagString: Untagged
  m_Icon: {fileID: 0}
  m_NavMeshLayer: 0
  m_StaticEditorFlags: 0
  m_IsActive: 1
--- !u!4 &2762605275526976807
Transform:
  m_ObjectHideFlags: 0
  m_CorrespondingSourceObject: {fileID: 0}
  m_PrefabInstance: {fileID: 0}
  m_PrefabAsset: {fileID: 0}
  m_GameObject: {fileID: 166423877568439105}
  m_LocalRotation: {x: 0, y: 0, z: 0, w: 1}
  m_LocalPosition: {x: 0, y: 2, z: 2}
  m_LocalScale: {x: 1, y: 1, z: 1}
  m_Children: []
  m_Father: {fileID: 5887644599238938239}
  m_RootOrder: 5
  m_LocalEulerAnglesHint: {x: 0, y: 0, z: 0}
--- !u!108 &1071232295667659945
Light:
  m_ObjectHideFlags: 0
  m_CorrespondingSourceObject: {fileID: 0}
  m_PrefabInstance: {fileID: 0}
  m_PrefabAsset: {fileID: 0}
  m_GameObject: {fileID: 166423877568439105}
  m_Enabled: 1
  serializedVersion: 10
  m_Type: 2
  m_Shape: 0
  m_Color: {r: 1, g: 1, b: 1, a: 1}
  m_Intensity: 1
  m_Range: 10
  m_SpotAngle: 30
  m_InnerSpotAngle: 21.80208
  m_CookieSize: 10
  m_Shadows:
    m_Type: 0
    m_Resolution: -1
    m_CustomResolution: -1
    m_Strength: 1
    m_Bias: 0.05
    m_NormalBias: 0.4
    m_NearPlane: 0.2
    m_CullingMatrixOverride:
      e00: 1
      e01: 0
      e02: 0
      e03: 0
      e10: 0
      e11: 1
      e12: 0
      e13: 0
      e20: 0
      e21: 0
      e22: 1
      e23: 0
      e30: 0
      e31: 0
      e32: 0
      e33: 1
    m_UseCullingMatrixOverride: 0
  m_Cookie: {fileID: 0}
  m_DrawHalo: 0
  m_Flare: {fileID: 0}
  m_RenderMode: 0
  m_CullingMask:
    serializedVersion: 2
    m_Bits: 4294967295
  m_RenderingLayerMask: 1
  m_Lightmapping: 4
  m_LightShadowCasterMode: 0
  m_AreaSize: {x: 1, y: 1}
  m_BounceIntensity: 0
  m_ColorTemperature: 6570
  m_UseColorTemperature: 0
  m_BoundingSphereOverride: {x: 0, y: 0, z: 0, w: 0}
  m_UseBoundingSphereOverride: 0
  m_ShadowRadius: 0
  m_ShadowAngle: 0
--- !u!1 &949675886325155641
GameObject:
  m_ObjectHideFlags: 0
  m_CorrespondingSourceObject: {fileID: 0}
  m_PrefabInstance: {fileID: 0}
  m_PrefabAsset: {fileID: 0}
  serializedVersion: 6
  m_Component:
  - component: {fileID: 5887644599238938239}
  m_Layer: 0
  m_Name: tile_backrooms_double_nook
  m_TagString: Untagged
  m_Icon: {fileID: 0}
  m_NavMeshLayer: 0
  m_StaticEditorFlags: 0
  m_IsActive: 1
--- !u!4 &5887644599238938239
Transform:
  m_ObjectHideFlags: 0
  m_CorrespondingSourceObject: {fileID: 0}
  m_PrefabInstance: {fileID: 0}
  m_PrefabAsset: {fileID: 0}
  m_GameObject: {fileID: 949675886325155641}
  m_LocalRotation: {x: 0, y: 0, z: 0, w: 1}
  m_LocalPosition: {x: 0, y: 0, z: 0}
  m_LocalScale: {x: 1, y: 1, z: 1}
  m_Children:
  - {fileID: 5775436856154856921}
  - {fileID: 5898416096441754920}
  - {fileID: 7484115818039432624}
  - {fileID: 8118090383787207523}
  - {fileID: 4112396626866611109}
  - {fileID: 2762605275526976807}
  - {fileID: 1362366463079452547}
  - {fileID: 7261796837638821927}
  - {fileID: 196809515798116700}
  - {fileID: 8196727962035755764}
  - {fileID: 2864593751749387557}
  m_Father: {fileID: 0}
  m_RootOrder: 0
  m_LocalEulerAnglesHint: {x: 0, y: 0, z: 0}
--- !u!64 &6349829289304559643
MeshCollider:
  m_ObjectHideFlags: 0
  m_CorrespondingSourceObject: {fileID: 0}
  m_PrefabInstance: {fileID: 0}
  m_PrefabAsset: {fileID: 0}
  m_GameObject: {fileID: 1602833236751789872}
  m_Material: {fileID: 0}
  m_IsTrigger: 0
  m_Enabled: 1
  serializedVersion: 4
  m_Convex: 0
  m_CookingOptions: 30
  m_Mesh: {fileID: -6103878397216645389, guid: 20bd3f844ef84a6439ea686a4135fc31, type: 3}
--- !u!64 &2870231716680183477
MeshCollider:
  m_ObjectHideFlags: 0
  m_CorrespondingSourceObject: {fileID: 0}
  m_PrefabInstance: {fileID: 0}
  m_PrefabAsset: {fileID: 0}
  m_GameObject: {fileID: 2235997754636938792}
  m_Material: {fileID: 0}
  m_IsTrigger: 0
  m_Enabled: 1
  serializedVersion: 4
  m_Convex: 0
  m_CookingOptions: 30
  m_Mesh: {fileID: -4682967647622646575, guid: 20bd3f844ef84a6439ea686a4135fc31, type: 3}
--- !u!64 &884338916916952014
MeshCollider:
  m_ObjectHideFlags: 0
  m_CorrespondingSourceObject: {fileID: 0}
  m_PrefabInstance: {fileID: 0}
  m_PrefabAsset: {fileID: 0}
  m_GameObject: {fileID: 2919032532563209072}
  m_Material: {fileID: 0}
  m_IsTrigger: 0
  m_Enabled: 1
  serializedVersion: 4
  m_Convex: 0
  m_CookingOptions: 30
  m_Mesh: {fileID: -1831555489969773403, guid: 20bd3f844ef84a6439ea686a4135fc31, type: 3}
--- !u!64 &2771633195338781481
MeshCollider:
  m_ObjectHideFlags: 0
  m_CorrespondingSourceObject: {fileID: 0}
  m_PrefabInstance: {fileID: 0}
  m_PrefabAsset: {fileID: 0}
  m_GameObject: {fileID: 3252544966782323071}
  m_Material: {fileID: 0}
  m_IsTrigger: 0
  m_Enabled: 1
  serializedVersion: 4
  m_Convex: 0
  m_CookingOptions: 30
  m_Mesh: {fileID: 5042031021723977197, guid: 20bd3f844ef84a6439ea686a4135fc31, type: 3}
--- !u!64 &5171411559333044007
MeshCollider:
  m_ObjectHideFlags: 0
  m_CorrespondingSourceObject: {fileID: 0}
  m_PrefabInstance: {fileID: 0}
  m_PrefabAsset: {fileID: 0}
  m_GameObject: {fileID: 4719458377724283774}
  m_Material: {fileID: 0}
  m_IsTrigger: 0
  m_Enabled: 1
  serializedVersion: 4
  m_Convex: 0
  m_CookingOptions: 30
  m_Mesh: {fileID: 8474710894398029777, guid: 20bd3f844ef84a6439ea686a4135fc31, type: 3}
--- !u!1 &5343061658873651214
GameObject:
  m_ObjectHideFlags: 0
  m_CorrespondingSourceObject: {fileID: 0}
  m_PrefabInstance: {fileID: 0}
  m_PrefabAsset: {fileID: 0}
  serializedVersion: 6
  m_Component:
  - component: {fileID: 2864593751749387557}
  - component: {fileID: 9115223849861837853}
  - component: {fileID: 3235342665260310007}
  - component: {fileID: 3548974687373162885}
  m_Layer: 0
  m_Name: Plane
  m_TagString: Untagged
  m_Icon: {fileID: 0}
  m_NavMeshLayer: 0
  m_StaticEditorFlags: 0
  m_IsActive: 1
--- !u!4 &2864593751749387557
Transform:
  m_ObjectHideFlags: 0
  m_CorrespondingSourceObject: {fileID: 0}
  m_PrefabInstance: {fileID: 0}
  m_PrefabAsset: {fileID: 0}
  m_GameObject: {fileID: 5343061658873651214}
  m_LocalRotation: {x: -0, y: -0, z: 0.17806797, w: 0.9840182}
  m_LocalPosition: {x: -2.4999151, y: -3.0612278, z: -0.08150005}
  m_LocalScale: {x: 0.320295, y: 1, z: 1.4163}
  m_Children: []
  m_Father: {fileID: 5887644599238938239}
  m_RootOrder: 10
  m_LocalEulerAnglesHint: {x: 0, y: 0, z: 20.514}
--- !u!33 &9115223849861837853
MeshFilter:
  m_ObjectHideFlags: 0
  m_CorrespondingSourceObject: {fileID: 0}
  m_PrefabInstance: {fileID: 0}
  m_PrefabAsset: {fileID: 0}
  m_GameObject: {fileID: 5343061658873651214}
  m_Mesh: {fileID: 10209, guid: 0000000000000000e000000000000000, type: 0}
--- !u!23 &3235342665260310007
MeshRenderer:
  m_ObjectHideFlags: 0
  m_CorrespondingSourceObject: {fileID: 0}
  m_PrefabInstance: {fileID: 0}
  m_PrefabAsset: {fileID: 0}
  m_GameObject: {fileID: 5343061658873651214}
  m_Enabled: 0
  m_CastShadows: 1
  m_ReceiveShadows: 1
  m_DynamicOccludee: 1
  m_MotionVectors: 1
  m_LightProbeUsage: 1
  m_ReflectionProbeUsage: 1
  m_RayTracingMode: 2
  m_RayTraceProcedural: 0
  m_RenderingLayerMask: 1
  m_RendererPriority: 0
  m_Materials:
  - {fileID: 10303, guid: 0000000000000000f000000000000000, type: 0}
  m_StaticBatchInfo:
    firstSubMesh: 0
    subMeshCount: 0
  m_StaticBatchRoot: {fileID: 0}
  m_ProbeAnchor: {fileID: 0}
  m_LightProbeVolumeOverride: {fileID: 0}
  m_ScaleInLightmap: 1
  m_ReceiveGI: 1
  m_PreserveUVs: 0
  m_IgnoreNormalsForChartDetection: 0
  m_ImportantGI: 0
  m_StitchLightmapSeams: 1
  m_SelectedEditorRenderState: 3
  m_MinimumChartSize: 4
  m_AutoUVMaxDistance: 0.5
  m_AutoUVMaxAngle: 89
  m_LightmapParameters: {fileID: 0}
  m_SortingLayerID: 0
  m_SortingLayer: 0
  m_SortingOrder: 0
  m_AdditionalVertexStreams: {fileID: 0}
--- !u!64 &3548974687373162885
MeshCollider:
  m_ObjectHideFlags: 0
  m_CorrespondingSourceObject: {fileID: 0}
  m_PrefabInstance: {fileID: 0}
  m_PrefabAsset: {fileID: 0}
  m_GameObject: {fileID: 5343061658873651214}
  m_Material: {fileID: 0}
  m_IsTrigger: 0
  m_Enabled: 1
  serializedVersion: 4
  m_Convex: 0
  m_CookingOptions: 30
  m_Mesh: {fileID: 10209, guid: 0000000000000000e000000000000000, type: 0}
--- !u!64 &8987096779452389980
MeshCollider:
  m_ObjectHideFlags: 0
  m_CorrespondingSourceObject: {fileID: 0}
  m_PrefabInstance: {fileID: 0}
  m_PrefabAsset: {fileID: 0}
  m_GameObject: {fileID: 6050507726318079593}
  m_Material: {fileID: 0}
  m_IsTrigger: 0
  m_Enabled: 1
  serializedVersion: 4
  m_Convex: 0
  m_CookingOptions: 30
  m_Mesh: {fileID: 6400630663238610052, guid: 20bd3f844ef84a6439ea686a4135fc31, type: 3}
--- !u!64 &6370117458956387371
MeshCollider:
  m_ObjectHideFlags: 0
  m_CorrespondingSourceObject: {fileID: 0}
  m_PrefabInstance: {fileID: 0}
  m_PrefabAsset: {fileID: 0}
  m_GameObject: {fileID: 6433310545748018374}
  m_Material: {fileID: 0}
  m_IsTrigger: 0
  m_Enabled: 1
  serializedVersion: 4
  m_Convex: 0
  m_CookingOptions: 30
  m_Mesh: {fileID: 5928728507615744548, guid: 20bd3f844ef84a6439ea686a4135fc31, type: 3}
--- !u!1001 &677936022848461538
PrefabInstance:
  m_ObjectHideFlags: 0
  serializedVersion: 2
  m_Modification:
    m_TransformParent: {fileID: 5887644599238938239}
    m_Modifications:
    - target: {fileID: 487243255437973317, guid: 740648b0b996ba148a76e0d9b869fb16,
        type: 3}
      propertyPath: m_Size.x
      value: 16
      objectReference: {fileID: 0}
    - target: {fileID: 487243255437973317, guid: 740648b0b996ba148a76e0d9b869fb16,
        type: 3}
      propertyPath: m_Size.y
      value: 8
      objectReference: {fileID: 0}
    - target: {fileID: 487243255437973317, guid: 740648b0b996ba148a76e0d9b869fb16,
        type: 3}
      propertyPath: m_Size.z
      value: 16
      objectReference: {fileID: 0}
    - target: {fileID: 487243255437973317, guid: 740648b0b996ba148a76e0d9b869fb16,
        type: 3}
      propertyPath: m_Center.y
      value: 0.5
      objectReference: {fileID: 0}
    - target: {fileID: 1417693665624029033, guid: 740648b0b996ba148a76e0d9b869fb16,
        type: 3}
      propertyPath: m_Name
      value: Area Data
      objectReference: {fileID: 0}
    - target: {fileID: 4268913019039595364, guid: 740648b0b996ba148a76e0d9b869fb16,
        type: 3}
      propertyPath: pathWays.Array.size
      value: 2
      objectReference: {fileID: 0}
    - target: {fileID: 4268913019039595364, guid: 740648b0b996ba148a76e0d9b869fb16,
        type: 3}
      propertyPath: rootObj
      value: 
      objectReference: {fileID: 5887644599238938239}
    - target: {fileID: 4268913019039595364, guid: 740648b0b996ba148a76e0d9b869fb16,
        type: 3}
      propertyPath: pathWays.Array.data[0]
      value: 
      objectReference: {fileID: 8590139592422791864}
    - target: {fileID: 4268913019039595364, guid: 740648b0b996ba148a76e0d9b869fb16,
        type: 3}
      propertyPath: pathWays.Array.data[1]
      value: 
      objectReference: {fileID: 6936640653750756459}
    - target: {fileID: 6391699724059656138, guid: 740648b0b996ba148a76e0d9b869fb16,
        type: 3}
      propertyPath: m_LocalPosition.x
      value: 0
      objectReference: {fileID: 0}
    - target: {fileID: 6391699724059656138, guid: 740648b0b996ba148a76e0d9b869fb16,
        type: 3}
      propertyPath: m_LocalPosition.y
      value: 0
      objectReference: {fileID: 0}
    - target: {fileID: 6391699724059656138, guid: 740648b0b996ba148a76e0d9b869fb16,
        type: 3}
      propertyPath: m_LocalPosition.z
      value: 0
      objectReference: {fileID: 0}
    - target: {fileID: 6391699724059656138, guid: 740648b0b996ba148a76e0d9b869fb16,
        type: 3}
      propertyPath: m_LocalRotation.x
      value: -0
      objectReference: {fileID: 0}
    - target: {fileID: 6391699724059656138, guid: 740648b0b996ba148a76e0d9b869fb16,
        type: 3}
      propertyPath: m_LocalRotation.y
      value: -0
      objectReference: {fileID: 0}
    - target: {fileID: 6391699724059656138, guid: 740648b0b996ba148a76e0d9b869fb16,
        type: 3}
      propertyPath: m_LocalRotation.z
      value: -0
      objectReference: {fileID: 0}
    - target: {fileID: 6391699724059656138, guid: 740648b0b996ba148a76e0d9b869fb16,
        type: 3}
      propertyPath: m_LocalRotation.w
      value: 1
      objectReference: {fileID: 0}
    - target: {fileID: 6391699724059656138, guid: 740648b0b996ba148a76e0d9b869fb16,
        type: 3}
      propertyPath: m_RootOrder
      value: 1
      objectReference: {fileID: 0}
    - target: {fileID: 6391699724059656138, guid: 740648b0b996ba148a76e0d9b869fb16,
        type: 3}
      propertyPath: m_LocalEulerAnglesHint.x
      value: 0
      objectReference: {fileID: 0}
    - target: {fileID: 6391699724059656138, guid: 740648b0b996ba148a76e0d9b869fb16,
        type: 3}
      propertyPath: m_LocalEulerAnglesHint.y
      value: 0
      objectReference: {fileID: 0}
    - target: {fileID: 6391699724059656138, guid: 740648b0b996ba148a76e0d9b869fb16,
        type: 3}
      propertyPath: m_LocalEulerAnglesHint.z
      value: 0
      objectReference: {fileID: 0}
    - target: {fileID: 6391699724059656138, guid: 740648b0b996ba148a76e0d9b869fb16,
        type: 3}
      propertyPath: m_LocalScale.x
      value: 1
      objectReference: {fileID: 0}
    m_RemovedComponents: []
  m_SourcePrefab: {fileID: 100100000, guid: 740648b0b996ba148a76e0d9b869fb16, type: 3}
--- !u!4 &5898416096441754920 stripped
Transform:
  m_CorrespondingSourceObject: {fileID: 6391699724059656138, guid: 740648b0b996ba148a76e0d9b869fb16,
    type: 3}
  m_PrefabInstance: {fileID: 677936022848461538}
  m_PrefabAsset: {fileID: 0}
--- !u!1001 &3527199182688830732
PrefabInstance:
  m_ObjectHideFlags: 0
  serializedVersion: 2
  m_Modification:
    m_TransformParent: {fileID: 5887644599238938239}
    m_Modifications:
    - target: {fileID: 2457621709549128320, guid: 7ee7bf33dc4b5d2488727c6cfdc4ac9c,
        type: 3}
      propertyPath: m_Name
      value: tile_backrooms_deco_wall_blank
      objectReference: {fileID: 0}
    - target: {fileID: 2457621709549128335, guid: 7ee7bf33dc4b5d2488727c6cfdc4ac9c,
        type: 3}
      propertyPath: m_LocalPosition.x
      value: -0.5
      objectReference: {fileID: 0}
    - target: {fileID: 2457621709549128335, guid: 7ee7bf33dc4b5d2488727c6cfdc4ac9c,
        type: 3}
      propertyPath: m_LocalPosition.y
      value: 0.5
      objectReference: {fileID: 0}
    - target: {fileID: 2457621709549128335, guid: 7ee7bf33dc4b5d2488727c6cfdc4ac9c,
        type: 3}
      propertyPath: m_LocalPosition.z
      value: -4
      objectReference: {fileID: 0}
    - target: {fileID: 2457621709549128335, guid: 7ee7bf33dc4b5d2488727c6cfdc4ac9c,
        type: 3}
      propertyPath: m_LocalRotation.x
      value: -0
      objectReference: {fileID: 0}
    - target: {fileID: 2457621709549128335, guid: 7ee7bf33dc4b5d2488727c6cfdc4ac9c,
        type: 3}
      propertyPath: m_LocalRotation.y
      value: -0
      objectReference: {fileID: 0}
    - target: {fileID: 2457621709549128335, guid: 7ee7bf33dc4b5d2488727c6cfdc4ac9c,
        type: 3}
      propertyPath: m_LocalRotation.z
      value: -0
      objectReference: {fileID: 0}
    - target: {fileID: 2457621709549128335, guid: 7ee7bf33dc4b5d2488727c6cfdc4ac9c,
        type: 3}
      propertyPath: m_LocalRotation.w
      value: 1
      objectReference: {fileID: 0}
    - target: {fileID: 2457621709549128335, guid: 7ee7bf33dc4b5d2488727c6cfdc4ac9c,
        type: 3}
      propertyPath: m_RootOrder
      value: 6
      objectReference: {fileID: 0}
    - target: {fileID: 2457621709549128335, guid: 7ee7bf33dc4b5d2488727c6cfdc4ac9c,
        type: 3}
      propertyPath: m_LocalEulerAnglesHint.x
      value: 0
      objectReference: {fileID: 0}
    - target: {fileID: 2457621709549128335, guid: 7ee7bf33dc4b5d2488727c6cfdc4ac9c,
        type: 3}
      propertyPath: m_LocalEulerAnglesHint.y
      value: 0
      objectReference: {fileID: 0}
    - target: {fileID: 2457621709549128335, guid: 7ee7bf33dc4b5d2488727c6cfdc4ac9c,
        type: 3}
      propertyPath: m_LocalEulerAnglesHint.z
      value: 0
      objectReference: {fileID: 0}
    m_RemovedComponents: []
  m_SourcePrefab: {fileID: 100100000, guid: 7ee7bf33dc4b5d2488727c6cfdc4ac9c, type: 3}
--- !u!4 &1362366463079452547 stripped
Transform:
  m_CorrespondingSourceObject: {fileID: 2457621709549128335, guid: 7ee7bf33dc4b5d2488727c6cfdc4ac9c,
    type: 3}
  m_PrefabInstance: {fileID: 3527199182688830732}
  m_PrefabAsset: {fileID: 0}
--- !u!1001 &4366184974339421057
PrefabInstance:
  m_ObjectHideFlags: 0
  serializedVersion: 2
  m_Modification:
    m_TransformParent: {fileID: 5887644599238938239}
    m_Modifications:
    - target: {fileID: 4480231912345307869, guid: 16e4f9e2308ab3c40a1157333a9d8bb5,
        type: 3}
      propertyPath: m_LocalPosition.x
      value: 4
      objectReference: {fileID: 0}
    - target: {fileID: 4480231912345307869, guid: 16e4f9e2308ab3c40a1157333a9d8bb5,
        type: 3}
      propertyPath: m_LocalPosition.y
      value: 0.5
      objectReference: {fileID: 0}
    - target: {fileID: 4480231912345307869, guid: 16e4f9e2308ab3c40a1157333a9d8bb5,
        type: 3}
      propertyPath: m_LocalPosition.z
      value: 7.5
      objectReference: {fileID: 0}
    - target: {fileID: 4480231912345307869, guid: 16e4f9e2308ab3c40a1157333a9d8bb5,
        type: 3}
      propertyPath: m_LocalRotation.x
      value: -0
      objectReference: {fileID: 0}
    - target: {fileID: 4480231912345307869, guid: 16e4f9e2308ab3c40a1157333a9d8bb5,
        type: 3}
      propertyPath: m_LocalRotation.y
      value: -0.70710576
      objectReference: {fileID: 0}
    - target: {fileID: 4480231912345307869, guid: 16e4f9e2308ab3c40a1157333a9d8bb5,
        type: 3}
      propertyPath: m_LocalRotation.z
      value: -0
      objectReference: {fileID: 0}
    - target: {fileID: 4480231912345307869, guid: 16e4f9e2308ab3c40a1157333a9d8bb5,
        type: 3}
      propertyPath: m_LocalRotation.w
      value: 0.7071078
      objectReference: {fileID: 0}
    - target: {fileID: 4480231912345307869, guid: 16e4f9e2308ab3c40a1157333a9d8bb5,
        type: 3}
      propertyPath: m_RootOrder
      value: 8
      objectReference: {fileID: 0}
    - target: {fileID: 4480231912345307869, guid: 16e4f9e2308ab3c40a1157333a9d8bb5,
        type: 3}
      propertyPath: m_LocalEulerAnglesHint.x
      value: 0
      objectReference: {fileID: 0}
    - target: {fileID: 4480231912345307869, guid: 16e4f9e2308ab3c40a1157333a9d8bb5,
        type: 3}
      propertyPath: m_LocalEulerAnglesHint.y
      value: -90
      objectReference: {fileID: 0}
    - target: {fileID: 4480231912345307869, guid: 16e4f9e2308ab3c40a1157333a9d8bb5,
        type: 3}
      propertyPath: m_LocalEulerAnglesHint.z
      value: 0
      objectReference: {fileID: 0}
    - target: {fileID: 5691523600005697621, guid: 16e4f9e2308ab3c40a1157333a9d8bb5,
        type: 3}
      propertyPath: m_Name
      value: tile_backrooms_door_frame (1)
      objectReference: {fileID: 0}
    m_RemovedComponents: []
  m_SourcePrefab: {fileID: 100100000, guid: 16e4f9e2308ab3c40a1157333a9d8bb5, type: 3}
--- !u!4 &196809515798116700 stripped
Transform:
  m_CorrespondingSourceObject: {fileID: 4480231912345307869, guid: 16e4f9e2308ab3c40a1157333a9d8bb5,
    type: 3}
  m_PrefabInstance: {fileID: 4366184974339421057}
  m_PrefabAsset: {fileID: 0}
--- !u!1001 &5022895925092599520
PrefabInstance:
  m_ObjectHideFlags: 0
  serializedVersion: 2
  m_Modification:
    m_TransformParent: {fileID: 5887644599238938239}
    m_Modifications:
    - target: {fileID: 3827401120674770307, guid: 04ce9c606333b674381deb48f233a277,
        type: 3}
      propertyPath: m_LocalPosition.x
      value: 4
      objectReference: {fileID: 0}
    - target: {fileID: 3827401120674770307, guid: 04ce9c606333b674381deb48f233a277,
        type: 3}
      propertyPath: m_LocalPosition.y
      value: 0.5
      objectReference: {fileID: 0}
    - target: {fileID: 3827401120674770307, guid: 04ce9c606333b674381deb48f233a277,
        type: 3}
      propertyPath: m_LocalPosition.z
      value: -8
      objectReference: {fileID: 0}
    - target: {fileID: 3827401120674770307, guid: 04ce9c606333b674381deb48f233a277,
        type: 3}
      propertyPath: m_LocalRotation.x
      value: -0
      objectReference: {fileID: 0}
    - target: {fileID: 3827401120674770307, guid: 04ce9c606333b674381deb48f233a277,
        type: 3}
      propertyPath: m_LocalRotation.y
      value: -1
      objectReference: {fileID: 0}
    - target: {fileID: 3827401120674770307, guid: 04ce9c606333b674381deb48f233a277,
        type: 3}
      propertyPath: m_LocalRotation.z
      value: -0
      objectReference: {fileID: 0}
    - target: {fileID: 3827401120674770307, guid: 04ce9c606333b674381deb48f233a277,
        type: 3}
      propertyPath: m_LocalRotation.w
      value: 0
      objectReference: {fileID: 0}
    - target: {fileID: 3827401120674770307, guid: 04ce9c606333b674381deb48f233a277,
        type: 3}
      propertyPath: m_RootOrder
      value: 3
      objectReference: {fileID: 0}
    - target: {fileID: 3827401120674770307, guid: 04ce9c606333b674381deb48f233a277,
        type: 3}
      propertyPath: m_LocalEulerAnglesHint.x
      value: 0
      objectReference: {fileID: 0}
    - target: {fileID: 3827401120674770307, guid: 04ce9c606333b674381deb48f233a277,
        type: 3}
      propertyPath: m_LocalEulerAnglesHint.y
      value: -179.99998
      objectReference: {fileID: 0}
    - target: {fileID: 3827401120674770307, guid: 04ce9c606333b674381deb48f233a277,
        type: 3}
      propertyPath: m_LocalEulerAnglesHint.z
      value: 0
      objectReference: {fileID: 0}
    - target: {fileID: 8935671478945291720, guid: 04ce9c606333b674381deb48f233a277,
        type: 3}
      propertyPath: m_Name
      value: Pathway (1)
      objectReference: {fileID: 0}
    m_RemovedComponents: []
  m_SourcePrefab: {fileID: 100100000, guid: 04ce9c606333b674381deb48f233a277, type: 3}
--- !u!4 &8118090383787207523 stripped
Transform:
  m_CorrespondingSourceObject: {fileID: 3827401120674770307, guid: 04ce9c606333b674381deb48f233a277,
    type: 3}
  m_PrefabInstance: {fileID: 5022895925092599520}
  m_PrefabAsset: {fileID: 0}
--- !u!114 &6936640653750756459 stripped
MonoBehaviour:
  m_CorrespondingSourceObject: {fileID: 2735669416405377675, guid: 04ce9c606333b674381deb48f233a277,
    type: 3}
  m_PrefabInstance: {fileID: 5022895925092599520}
  m_PrefabAsset: {fileID: 0}
  m_GameObject: {fileID: 0}
  m_Enabled: 1
  m_EditorHideFlags: 0
  m_Script: {fileID: 11500000, guid: dd60658e6871a844788f7768b8dd9a51, type: 3}
  m_Name: 
  m_EditorClassIdentifier: 
--- !u!1001 &5886873228525309600
PrefabInstance:
  m_ObjectHideFlags: 0
  serializedVersion: 2
  m_Modification:
    m_TransformParent: {fileID: 5887644599238938239}
    m_Modifications:
    - target: {fileID: 2338142974307013716, guid: ba44fb207ef7f654bb2ca8b8cf33ddf2,
        type: 3}
      propertyPath: m_LocalPosition.x
      value: -5.5
      objectReference: {fileID: 0}
    - target: {fileID: 2338142974307013716, guid: ba44fb207ef7f654bb2ca8b8cf33ddf2,
        type: 3}
      propertyPath: m_LocalPosition.y
      value: -3.5
      objectReference: {fileID: 0}
    - target: {fileID: 2338142974307013716, guid: ba44fb207ef7f654bb2ca8b8cf33ddf2,
        type: 3}
      propertyPath: m_LocalPosition.z
      value: -4
      objectReference: {fileID: 0}
    - target: {fileID: 2338142974307013716, guid: ba44fb207ef7f654bb2ca8b8cf33ddf2,
        type: 3}
      propertyPath: m_LocalRotation.x
      value: -0
      objectReference: {fileID: 0}
    - target: {fileID: 2338142974307013716, guid: ba44fb207ef7f654bb2ca8b8cf33ddf2,
        type: 3}
      propertyPath: m_LocalRotation.y
      value: -1
      objectReference: {fileID: 0}
    - target: {fileID: 2338142974307013716, guid: ba44fb207ef7f654bb2ca8b8cf33ddf2,
        type: 3}
      propertyPath: m_LocalRotation.z
      value: -0
      objectReference: {fileID: 0}
    - target: {fileID: 2338142974307013716, guid: ba44fb207ef7f654bb2ca8b8cf33ddf2,
        type: 3}
      propertyPath: m_LocalRotation.w
      value: -0.00000041723246
      objectReference: {fileID: 0}
    - target: {fileID: 2338142974307013716, guid: ba44fb207ef7f654bb2ca8b8cf33ddf2,
        type: 3}
      propertyPath: m_RootOrder
      value: 9
      objectReference: {fileID: 0}
    - target: {fileID: 2338142974307013716, guid: ba44fb207ef7f654bb2ca8b8cf33ddf2,
        type: 3}
      propertyPath: m_LocalEulerAnglesHint.x
      value: 0
      objectReference: {fileID: 0}
    - target: {fileID: 2338142974307013716, guid: ba44fb207ef7f654bb2ca8b8cf33ddf2,
        type: 3}
      propertyPath: m_LocalEulerAnglesHint.y
      value: -180
      objectReference: {fileID: 0}
    - target: {fileID: 2338142974307013716, guid: ba44fb207ef7f654bb2ca8b8cf33ddf2,
        type: 3}
      propertyPath: m_LocalEulerAnglesHint.z
      value: 0
      objectReference: {fileID: 0}
    - target: {fileID: 2338142974307013718, guid: ba44fb207ef7f654bb2ca8b8cf33ddf2,
        type: 3}
      propertyPath: m_Name
      value: Enemy Spawner
      objectReference: {fileID: 0}
    - target: {fileID: 2338142974307013718, guid: ba44fb207ef7f654bb2ca8b8cf33ddf2,
        type: 3}
      propertyPath: m_Icon
      value: 
      objectReference: {fileID: 419385456094870383, guid: 0000000000000000d000000000000000,
        type: 0}
    m_RemovedComponents: []
  m_SourcePrefab: {fileID: 100100000, guid: ba44fb207ef7f654bb2ca8b8cf33ddf2, type: 3}
--- !u!4 &8196727962035755764 stripped
Transform:
  m_CorrespondingSourceObject: {fileID: 2338142974307013716, guid: ba44fb207ef7f654bb2ca8b8cf33ddf2,
    type: 3}
  m_PrefabInstance: {fileID: 5886873228525309600}
  m_PrefabAsset: {fileID: 0}
--- !u!1001 &5963120659845298227
PrefabInstance:
  m_ObjectHideFlags: 0
  serializedVersion: 2
  m_Modification:
    m_TransformParent: {fileID: 5887644599238938239}
    m_Modifications:
    - target: {fileID: 3827401120674770307, guid: 04ce9c606333b674381deb48f233a277,
        type: 3}
      propertyPath: m_LocalPosition.x
      value: 4
      objectReference: {fileID: 0}
    - target: {fileID: 3827401120674770307, guid: 04ce9c606333b674381deb48f233a277,
        type: 3}
      propertyPath: m_LocalPosition.y
      value: 0.5
      objectReference: {fileID: 0}
    - target: {fileID: 3827401120674770307, guid: 04ce9c606333b674381deb48f233a277,
        type: 3}
      propertyPath: m_LocalPosition.z
      value: 8
      objectReference: {fileID: 0}
    - target: {fileID: 3827401120674770307, guid: 04ce9c606333b674381deb48f233a277,
        type: 3}
      propertyPath: m_LocalRotation.x
      value: 0
      objectReference: {fileID: 0}
    - target: {fileID: 3827401120674770307, guid: 04ce9c606333b674381deb48f233a277,
        type: 3}
      propertyPath: m_LocalRotation.y
      value: 0
      objectReference: {fileID: 0}
    - target: {fileID: 3827401120674770307, guid: 04ce9c606333b674381deb48f233a277,
        type: 3}
      propertyPath: m_LocalRotation.z
      value: 0
      objectReference: {fileID: 0}
    - target: {fileID: 3827401120674770307, guid: 04ce9c606333b674381deb48f233a277,
        type: 3}
      propertyPath: m_LocalRotation.w
      value: 1
      objectReference: {fileID: 0}
    - target: {fileID: 3827401120674770307, guid: 04ce9c606333b674381deb48f233a277,
        type: 3}
      propertyPath: m_RootOrder
      value: 2
      objectReference: {fileID: 0}
    - target: {fileID: 3827401120674770307, guid: 04ce9c606333b674381deb48f233a277,
        type: 3}
      propertyPath: m_LocalEulerAnglesHint.x
      value: 0
      objectReference: {fileID: 0}
    - target: {fileID: 3827401120674770307, guid: 04ce9c606333b674381deb48f233a277,
        type: 3}
      propertyPath: m_LocalEulerAnglesHint.y
      value: 0
      objectReference: {fileID: 0}
    - target: {fileID: 3827401120674770307, guid: 04ce9c606333b674381deb48f233a277,
        type: 3}
      propertyPath: m_LocalEulerAnglesHint.z
      value: 0
      objectReference: {fileID: 0}
    - target: {fileID: 8935671478945291720, guid: 04ce9c606333b674381deb48f233a277,
        type: 3}
      propertyPath: m_Name
      value: Pathway
      objectReference: {fileID: 0}
    m_RemovedComponents: []
  m_SourcePrefab: {fileID: 100100000, guid: 04ce9c606333b674381deb48f233a277, type: 3}
--- !u!114 &8590139592422791864 stripped
MonoBehaviour:
  m_CorrespondingSourceObject: {fileID: 2735669416405377675, guid: 04ce9c606333b674381deb48f233a277,
    type: 3}
  m_PrefabInstance: {fileID: 5963120659845298227}
  m_PrefabAsset: {fileID: 0}
  m_GameObject: {fileID: 0}
  m_Enabled: 1
  m_EditorHideFlags: 0
  m_Script: {fileID: 11500000, guid: dd60658e6871a844788f7768b8dd9a51, type: 3}
  m_Name: 
  m_EditorClassIdentifier: 
--- !u!4 &7484115818039432624 stripped
Transform:
  m_CorrespondingSourceObject: {fileID: 3827401120674770307, guid: 04ce9c606333b674381deb48f233a277,
    type: 3}
  m_PrefabInstance: {fileID: 5963120659845298227}
  m_PrefabAsset: {fileID: 0}
--- !u!1001 &6317635783762278962
PrefabInstance:
  m_ObjectHideFlags: 0
  serializedVersion: 2
  m_Modification:
    m_TransformParent: {fileID: 5887644599238938239}
    m_Modifications:
    - target: {fileID: -8909394406604245925, guid: 20bd3f844ef84a6439ea686a4135fc31,
        type: 3}
      propertyPath: m_StaticEditorFlags
      value: 4294967295
      objectReference: {fileID: 0}
    - target: {fileID: -8679921383154817045, guid: 20bd3f844ef84a6439ea686a4135fc31,
        type: 3}
      propertyPath: m_LocalPosition.x
      value: 0
      objectReference: {fileID: 0}
    - target: {fileID: -8679921383154817045, guid: 20bd3f844ef84a6439ea686a4135fc31,
        type: 3}
      propertyPath: m_LocalPosition.y
      value: 0
      objectReference: {fileID: 0}
    - target: {fileID: -8679921383154817045, guid: 20bd3f844ef84a6439ea686a4135fc31,
        type: 3}
      propertyPath: m_LocalPosition.z
      value: 0
      objectReference: {fileID: 0}
    - target: {fileID: -8679921383154817045, guid: 20bd3f844ef84a6439ea686a4135fc31,
        type: 3}
      propertyPath: m_LocalRotation.x
      value: -0
      objectReference: {fileID: 0}
    - target: {fileID: -8679921383154817045, guid: 20bd3f844ef84a6439ea686a4135fc31,
        type: 3}
      propertyPath: m_LocalRotation.y
      value: -0
      objectReference: {fileID: 0}
    - target: {fileID: -8679921383154817045, guid: 20bd3f844ef84a6439ea686a4135fc31,
        type: 3}
      propertyPath: m_LocalRotation.z
      value: -0
      objectReference: {fileID: 0}
    - target: {fileID: -8679921383154817045, guid: 20bd3f844ef84a6439ea686a4135fc31,
        type: 3}
      propertyPath: m_LocalRotation.w
      value: 1
      objectReference: {fileID: 0}
    - target: {fileID: -8679921383154817045, guid: 20bd3f844ef84a6439ea686a4135fc31,
        type: 3}
      propertyPath: m_RootOrder
      value: 0
      objectReference: {fileID: 0}
    - target: {fileID: -8679921383154817045, guid: 20bd3f844ef84a6439ea686a4135fc31,
        type: 3}
      propertyPath: m_LocalEulerAnglesHint.x
      value: 0
      objectReference: {fileID: 0}
    - target: {fileID: -8679921383154817045, guid: 20bd3f844ef84a6439ea686a4135fc31,
        type: 3}
      propertyPath: m_LocalEulerAnglesHint.y
      value: 0
      objectReference: {fileID: 0}
    - target: {fileID: -8679921383154817045, guid: 20bd3f844ef84a6439ea686a4135fc31,
        type: 3}
      propertyPath: m_LocalEulerAnglesHint.z
      value: 0
      objectReference: {fileID: 0}
    - target: {fileID: -8148289775734374668, guid: 20bd3f844ef84a6439ea686a4135fc31,
        type: 3}
      propertyPath: m_StaticEditorFlags
      value: 4294967295
      objectReference: {fileID: 0}
    - target: {fileID: -5422667720894097640, guid: 20bd3f844ef84a6439ea686a4135fc31,
        type: 3}
      propertyPath: m_Materials.Array.data[0]
      value: 
      objectReference: {fileID: 2100000, guid: 2e165d776b8f9c648904a287310a31ff, type: 2}
    - target: {fileID: -5422667720894097640, guid: 20bd3f844ef84a6439ea686a4135fc31,
        type: 3}
      propertyPath: m_CastShadows
      value: 2
      objectReference: {fileID: 0}
    - target: {fileID: -4498348274847722238, guid: 20bd3f844ef84a6439ea686a4135fc31,
        type: 3}
      propertyPath: m_StaticEditorFlags
      value: 4294967295
      objectReference: {fileID: 0}
    - target: {fileID: -3987061874166934502, guid: 20bd3f844ef84a6439ea686a4135fc31,
        type: 3}
      propertyPath: m_StaticEditorFlags
      value: 4294967295
      objectReference: {fileID: 0}
    - target: {fileID: -391922913550666931, guid: 20bd3f844ef84a6439ea686a4135fc31,
        type: 3}
      propertyPath: m_StaticEditorFlags
      value: 4294967295
      objectReference: {fileID: 0}
    - target: {fileID: 715845583879182275, guid: 20bd3f844ef84a6439ea686a4135fc31,
        type: 3}
      propertyPath: m_Materials.Array.data[0]
      value: 
      objectReference: {fileID: 2100000, guid: d1052af8c31f965488570a47e4e5adda, type: 2}
    - target: {fileID: 715845583879182275, guid: 20bd3f844ef84a6439ea686a4135fc31,
        type: 3}
      propertyPath: m_CastShadows
      value: 2
      objectReference: {fileID: 0}
    - target: {fileID: 919132149155446097, guid: 20bd3f844ef84a6439ea686a4135fc31,
        type: 3}
      propertyPath: m_Name
      value: tile_double_nook
      objectReference: {fileID: 0}
    - target: {fileID: 919132149155446097, guid: 20bd3f844ef84a6439ea686a4135fc31,
        type: 3}
      propertyPath: m_StaticEditorFlags
      value: 4294967295
      objectReference: {fileID: 0}
    - target: {fileID: 1445321685561873187, guid: 20bd3f844ef84a6439ea686a4135fc31,
        type: 3}
      propertyPath: m_Materials.Array.data[0]
      value: 
      objectReference: {fileID: 2100000, guid: 1d0e47789655e25458227c67cd6ababd, type: 2}
    - target: {fileID: 1445321685561873187, guid: 20bd3f844ef84a6439ea686a4135fc31,
        type: 3}
      propertyPath: m_CastShadows
      value: 2
      objectReference: {fileID: 0}
    - target: {fileID: 1644414361337147724, guid: 20bd3f844ef84a6439ea686a4135fc31,
        type: 3}
      propertyPath: m_StaticEditorFlags
      value: 4294967295
      objectReference: {fileID: 0}
    - target: {fileID: 4436109750953064538, guid: 20bd3f844ef84a6439ea686a4135fc31,
        type: 3}
      propertyPath: m_Materials.Array.data[0]
      value: 
      objectReference: {fileID: 2100000, guid: 2e165d776b8f9c648904a287310a31ff, type: 2}
    - target: {fileID: 4436109750953064538, guid: 20bd3f844ef84a6439ea686a4135fc31,
        type: 3}
      propertyPath: m_CastShadows
      value: 2
      objectReference: {fileID: 0}
    - target: {fileID: 4792351486785643841, guid: 20bd3f844ef84a6439ea686a4135fc31,
        type: 3}
      propertyPath: m_Materials.Array.data[0]
      value: 
      objectReference: {fileID: 2100000, guid: d1052af8c31f965488570a47e4e5adda, type: 2}
    - target: {fileID: 4792351486785643841, guid: 20bd3f844ef84a6439ea686a4135fc31,
        type: 3}
      propertyPath: m_CastShadows
      value: 2
      objectReference: {fileID: 0}
    - target: {fileID: 5211406310214055978, guid: 20bd3f844ef84a6439ea686a4135fc31,
        type: 3}
      propertyPath: m_Materials.Array.data[0]
      value: 
      objectReference: {fileID: 2100000, guid: 1d0e47789655e25458227c67cd6ababd, type: 2}
    - target: {fileID: 5211406310214055978, guid: 20bd3f844ef84a6439ea686a4135fc31,
        type: 3}
      propertyPath: m_CastShadows
      value: 2
      objectReference: {fileID: 0}
    - target: {fileID: 9164469938387112258, guid: 20bd3f844ef84a6439ea686a4135fc31,
        type: 3}
      propertyPath: m_StaticEditorFlags
      value: 4294967295
      objectReference: {fileID: 0}
    - target: {fileID: 9199785800059057564, guid: 20bd3f844ef84a6439ea686a4135fc31,
        type: 3}
      propertyPath: m_Enabled
      value: 0
      objectReference: {fileID: 0}
    m_RemovedComponents: []
  m_SourcePrefab: {fileID: 100100000, guid: 20bd3f844ef84a6439ea686a4135fc31, type: 3}
--- !u!1 &6433310545748018374 stripped
GameObject:
  m_CorrespondingSourceObject: {fileID: -8148289775734374668, guid: 20bd3f844ef84a6439ea686a4135fc31,
    type: 3}
  m_PrefabInstance: {fileID: 6317635783762278962}
  m_PrefabAsset: {fileID: 0}
--- !u!1 &3252544966782323071 stripped
GameObject:
  m_CorrespondingSourceObject: {fileID: -391922913550666931, guid: 20bd3f844ef84a6439ea686a4135fc31,
    type: 3}
  m_PrefabInstance: {fileID: 6317635783762278962}
  m_PrefabAsset: {fileID: 0}
--- !u!1 &2235997754636938792 stripped
GameObject:
  m_CorrespondingSourceObject: {fileID: -3987061874166934502, guid: 20bd3f844ef84a6439ea686a4135fc31,
    type: 3}
  m_PrefabInstance: {fileID: 6317635783762278962}
  m_PrefabAsset: {fileID: 0}
--- !u!1 &4719458377724283774 stripped
GameObject:
  m_CorrespondingSourceObject: {fileID: 1644414361337147724, guid: 20bd3f844ef84a6439ea686a4135fc31,
    type: 3}
  m_PrefabInstance: {fileID: 6317635783762278962}
  m_PrefabAsset: {fileID: 0}
--- !u!1 &1602833236751789872 stripped
GameObject:
  m_CorrespondingSourceObject: {fileID: -4498348274847722238, guid: 20bd3f844ef84a6439ea686a4135fc31,
    type: 3}
  m_PrefabInstance: {fileID: 6317635783762278962}
  m_PrefabAsset: {fileID: 0}
--- !u!1 &2919032532563209072 stripped
GameObject:
  m_CorrespondingSourceObject: {fileID: 9164469938387112258, guid: 20bd3f844ef84a6439ea686a4135fc31,
    type: 3}
  m_PrefabInstance: {fileID: 6317635783762278962}
  m_PrefabAsset: {fileID: 0}
--- !u!1 &6050507726318079593 stripped
GameObject:
  m_CorrespondingSourceObject: {fileID: -8909394406604245925, guid: 20bd3f844ef84a6439ea686a4135fc31,
    type: 3}
  m_PrefabInstance: {fileID: 6317635783762278962}
  m_PrefabAsset: {fileID: 0}
--- !u!4 &5775436856154856921 stripped
Transform:
  m_CorrespondingSourceObject: {fileID: -8679921383154817045, guid: 20bd3f844ef84a6439ea686a4135fc31,
    type: 3}
  m_PrefabInstance: {fileID: 6317635783762278962}
  m_PrefabAsset: {fileID: 0}
--- !u!1001 &6551592385522062074
PrefabInstance:
  m_ObjectHideFlags: 0
  serializedVersion: 2
  m_Modification:
    m_TransformParent: {fileID: 5887644599238938239}
    m_Modifications:
    - target: {fileID: 4480231912345307869, guid: 16e4f9e2308ab3c40a1157333a9d8bb5,
        type: 3}
      propertyPath: m_LocalPosition.x
      value: 4
      objectReference: {fileID: 0}
    - target: {fileID: 4480231912345307869, guid: 16e4f9e2308ab3c40a1157333a9d8bb5,
        type: 3}
      propertyPath: m_LocalPosition.y
      value: 0.5
      objectReference: {fileID: 0}
    - target: {fileID: 4480231912345307869, guid: 16e4f9e2308ab3c40a1157333a9d8bb5,
        type: 3}
      propertyPath: m_LocalPosition.z
      value: -7.5
      objectReference: {fileID: 0}
    - target: {fileID: 4480231912345307869, guid: 16e4f9e2308ab3c40a1157333a9d8bb5,
        type: 3}
      propertyPath: m_LocalRotation.x
      value: -0
      objectReference: {fileID: 0}
    - target: {fileID: 4480231912345307869, guid: 16e4f9e2308ab3c40a1157333a9d8bb5,
        type: 3}
      propertyPath: m_LocalRotation.y
      value: -0.70710576
      objectReference: {fileID: 0}
    - target: {fileID: 4480231912345307869, guid: 16e4f9e2308ab3c40a1157333a9d8bb5,
        type: 3}
      propertyPath: m_LocalRotation.z
      value: -0
      objectReference: {fileID: 0}
    - target: {fileID: 4480231912345307869, guid: 16e4f9e2308ab3c40a1157333a9d8bb5,
        type: 3}
      propertyPath: m_LocalRotation.w
      value: 0.7071078
      objectReference: {fileID: 0}
    - target: {fileID: 4480231912345307869, guid: 16e4f9e2308ab3c40a1157333a9d8bb5,
        type: 3}
      propertyPath: m_RootOrder
      value: 7
      objectReference: {fileID: 0}
    - target: {fileID: 4480231912345307869, guid: 16e4f9e2308ab3c40a1157333a9d8bb5,
        type: 3}
      propertyPath: m_LocalEulerAnglesHint.x
      value: 0
      objectReference: {fileID: 0}
    - target: {fileID: 4480231912345307869, guid: 16e4f9e2308ab3c40a1157333a9d8bb5,
        type: 3}
      propertyPath: m_LocalEulerAnglesHint.y
      value: -90
      objectReference: {fileID: 0}
    - target: {fileID: 4480231912345307869, guid: 16e4f9e2308ab3c40a1157333a9d8bb5,
        type: 3}
      propertyPath: m_LocalEulerAnglesHint.z
      value: 0
      objectReference: {fileID: 0}
    - target: {fileID: 5691523600005697621, guid: 16e4f9e2308ab3c40a1157333a9d8bb5,
        type: 3}
      propertyPath: m_Name
      value: tile_backrooms_door_frame
      objectReference: {fileID: 0}
    m_RemovedComponents: []
  m_SourcePrefab: {fileID: 100100000, guid: 16e4f9e2308ab3c40a1157333a9d8bb5, type: 3}
--- !u!4 &7261796837638821927 stripped
Transform:
  m_CorrespondingSourceObject: {fileID: 4480231912345307869, guid: 16e4f9e2308ab3c40a1157333a9d8bb5,
    type: 3}
  m_PrefabInstance: {fileID: 6551592385522062074}
  m_PrefabAsset: {fileID: 0}
--- !u!1001 &8326366757222382667
PrefabInstance:
  m_ObjectHideFlags: 0
  serializedVersion: 2
  m_Modification:
    m_TransformParent: {fileID: 5887644599238938239}
    m_Modifications:
    - target: {fileID: 5377043430859497454, guid: f285a853517bc6c469ff8db8e24c4805,
        type: 3}
      propertyPath: m_LocalPosition.x
      value: 0
      objectReference: {fileID: 0}
    - target: {fileID: 5377043430859497454, guid: f285a853517bc6c469ff8db8e24c4805,
        type: 3}
      propertyPath: m_LocalPosition.y
      value: 3.46
      objectReference: {fileID: 0}
    - target: {fileID: 5377043430859497454, guid: f285a853517bc6c469ff8db8e24c4805,
        type: 3}
      propertyPath: m_LocalPosition.z
      value: 2
      objectReference: {fileID: 0}
    - target: {fileID: 5377043430859497454, guid: f285a853517bc6c469ff8db8e24c4805,
        type: 3}
      propertyPath: m_LocalRotation.x
      value: -0.0000007003545
      objectReference: {fileID: 0}
    - target: {fileID: 5377043430859497454, guid: f285a853517bc6c469ff8db8e24c4805,
        type: 3}
      propertyPath: m_LocalRotation.y
      value: -0.00000035762787
      objectReference: {fileID: 0}
    - target: {fileID: 5377043430859497454, guid: f285a853517bc6c469ff8db8e24c4805,
        type: 3}
      propertyPath: m_LocalRotation.z
      value: -1
      objectReference: {fileID: 0}
    - target: {fileID: 5377043430859497454, guid: f285a853517bc6c469ff8db8e24c4805,
        type: 3}
      propertyPath: m_LocalRotation.w
      value: -2.664535e-13
      objectReference: {fileID: 0}
    - target: {fileID: 5377043430859497454, guid: f285a853517bc6c469ff8db8e24c4805,
        type: 3}
      propertyPath: m_RootOrder
      value: 4
      objectReference: {fileID: 0}
    - target: {fileID: 5377043430859497454, guid: f285a853517bc6c469ff8db8e24c4805,
        type: 3}
      propertyPath: m_LocalEulerAnglesHint.x
      value: -180
      objectReference: {fileID: 0}
    - target: {fileID: 5377043430859497454, guid: f285a853517bc6c469ff8db8e24c4805,
        type: 3}
      propertyPath: m_LocalEulerAnglesHint.y
      value: -180
      objectReference: {fileID: 0}
    - target: {fileID: 5377043430859497454, guid: f285a853517bc6c469ff8db8e24c4805,
        type: 3}
      propertyPath: m_LocalEulerAnglesHint.z
      value: 0
      objectReference: {fileID: 0}
    - target: {fileID: 9133945157389929127, guid: f285a853517bc6c469ff8db8e24c4805,
        type: 3}
      propertyPath: m_Name
      value: br_light
      objectReference: {fileID: 0}
    m_RemovedComponents: []
  m_SourcePrefab: {fileID: 100100000, guid: f285a853517bc6c469ff8db8e24c4805, type: 3}
--- !u!4 &4112396626866611109 stripped
Transform:
  m_CorrespondingSourceObject: {fileID: 5377043430859497454, guid: f285a853517bc6c469ff8db8e24c4805,
    type: 3}
  m_PrefabInstance: {fileID: 8326366757222382667}
  m_PrefabAsset: {fileID: 0}
