%YAML 1.1
%TAG !u! tag:unity3d.com,2011:
--- !u!64 &3611070669470120378
MeshCollider:
  m_ObjectHideFlags: 0
  m_CorrespondingSourceObject: {fileID: 0}
  m_PrefabInstance: {fileID: 0}
  m_PrefabAsset: {fileID: 0}
  m_GameObject: {fileID: 1124953073664669570}
  m_Material: {fileID: 0}
  m_IsTrigger: 0
  m_Enabled: 1
  serializedVersion: 4
  m_Convex: 0
  m_CookingOptions: 30
  m_Mesh: {fileID: 3701634300359484700, guid: a1951c3c35ccfbd4f8bed4e18e9039f0, type: 3}
--- !u!64 &8228669872816699533
MeshCollider:
  m_ObjectHideFlags: 0
  m_CorrespondingSourceObject: {fileID: 0}
  m_PrefabInstance: {fileID: 0}
  m_PrefabAsset: {fileID: 0}
  m_GameObject: {fileID: 3925210208721021728}
  m_Material: {fileID: 0}
  m_IsTrigger: 0
  m_Enabled: 1
  serializedVersion: 4
  m_Convex: 0
  m_CookingOptions: 30
  m_Mesh: {fileID: -1706361803873573766, guid: a1951c3c35ccfbd4f8bed4e18e9039f0, type: 3}
--- !u!64 &4512275632302901035
MeshCollider:
  m_ObjectHideFlags: 0
  m_CorrespondingSourceObject: {fileID: 0}
  m_PrefabInstance: {fileID: 0}
  m_PrefabAsset: {fileID: 0}
  m_GameObject: {fileID: 4146497155154407922}
  m_Material: {fileID: 0}
  m_IsTrigger: 0
  m_Enabled: 1
  serializedVersion: 4
  m_Convex: 0
  m_CookingOptions: 30
  m_Mesh: {fileID: 7072850271932025187, guid: a1951c3c35ccfbd4f8bed4e18e9039f0, type: 3}
--- !u!1 &5691523600005697621
GameObject:
  m_ObjectHideFlags: 0
  m_CorrespondingSourceObject: {fileID: 0}
  m_PrefabInstance: {fileID: 0}
  m_PrefabAsset: {fileID: 0}
  serializedVersion: 6
  m_Component:
  - component: {fileID: 4480231912345307869}
  m_Layer: 0
  m_Name: tile_backrooms_door_frame
  m_TagString: Untagged
  m_Icon: {fileID: 0}
  m_NavMeshLayer: 0
  m_StaticEditorFlags: 0
  m_IsActive: 1
--- !u!4 &4480231912345307869
Transform:
  m_ObjectHideFlags: 0
  m_CorrespondingSourceObject: {fileID: 0}
  m_PrefabInstance: {fileID: 0}
  m_PrefabAsset: {fileID: 0}
  m_GameObject: {fileID: 5691523600005697621}
  m_LocalRotation: {x: 0, y: 0, z: 0, w: 1}
  m_LocalPosition: {x: 0, y: 0, z: 0}
  m_LocalScale: {x: 0.99, y: 1, z: 1}
  m_Children:
  - {fileID: 8373928280207799120}
  m_Father: {fileID: 0}
  m_RootOrder: 0
  m_LocalEulerAnglesHint: {x: 0, y: 0, z: 0}
--- !u!1001 &8339701250800964795
PrefabInstance:
  m_ObjectHideFlags: 0
  serializedVersion: 2
  m_Modification:
    m_TransformParent: {fileID: 4480231912345307869}
    m_Modifications:
    - target: {fileID: -8679921383154817045, guid: a1951c3c35ccfbd4f8bed4e18e9039f0,
        type: 3}
      propertyPath: m_LocalPosition.x
      value: 0
      objectReference: {fileID: 0}
    - target: {fileID: -8679921383154817045, guid: a1951c3c35ccfbd4f8bed4e18e9039f0,
        type: 3}
      propertyPath: m_LocalPosition.y
      value: 0
      objectReference: {fileID: 0}
    - target: {fileID: -8679921383154817045, guid: a1951c3c35ccfbd4f8bed4e18e9039f0,
        type: 3}
      propertyPath: m_LocalPosition.z
      value: 0
      objectReference: {fileID: 0}
    - target: {fileID: -8679921383154817045, guid: a1951c3c35ccfbd4f8bed4e18e9039f0,
        type: 3}
      propertyPath: m_LocalRotation.x
      value: -0
      objectReference: {fileID: 0}
    - target: {fileID: -8679921383154817045, guid: a1951c3c35ccfbd4f8bed4e18e9039f0,
        type: 3}
      propertyPath: m_LocalRotation.y
      value: -0
      objectReference: {fileID: 0}
    - target: {fileID: -8679921383154817045, guid: a1951c3c35ccfbd4f8bed4e18e9039f0,
        type: 3}
      propertyPath: m_LocalRotation.z
      value: -0
      objectReference: {fileID: 0}
    - target: {fileID: -8679921383154817045, guid: a1951c3c35ccfbd4f8bed4e18e9039f0,
        type: 3}
      propertyPath: m_LocalRotation.w
      value: 1
      objectReference: {fileID: 0}
    - target: {fileID: -8679921383154817045, guid: a1951c3c35ccfbd4f8bed4e18e9039f0,
        type: 3}
      propertyPath: m_RootOrder
      value: 0
      objectReference: {fileID: 0}
    - target: {fileID: -8679921383154817045, guid: a1951c3c35ccfbd4f8bed4e18e9039f0,
        type: 3}
      propertyPath: m_LocalEulerAnglesHint.x
      value: 0
      objectReference: {fileID: 0}
    - target: {fileID: -8679921383154817045, guid: a1951c3c35ccfbd4f8bed4e18e9039f0,
        type: 3}
      propertyPath: m_LocalEulerAnglesHint.y
      value: 0
      objectReference: {fileID: 0}
    - target: {fileID: -8679921383154817045, guid: a1951c3c35ccfbd4f8bed4e18e9039f0,
        type: 3}
      propertyPath: m_LocalEulerAnglesHint.z
      value: 0
      objectReference: {fileID: 0}
    - target: {fileID: -7114744333059445072, guid: a1951c3c35ccfbd4f8bed4e18e9039f0,
        type: 3}
      propertyPath: m_Materials.Array.data[0]
      value: 
      objectReference: {fileID: 2100000, guid: 2e165d776b8f9c648904a287310a31ff, type: 2}
    - target: {fileID: -7114744333059445072, guid: a1951c3c35ccfbd4f8bed4e18e9039f0,
        type: 3}
      propertyPath: m_CastShadows
      value: 2
      objectReference: {fileID: 0}
    - target: {fileID: -279169549363092679, guid: a1951c3c35ccfbd4f8bed4e18e9039f0,
        type: 3}
      propertyPath: m_StaticEditorFlags
      value: 4294967295
      objectReference: {fileID: 0}
    - target: {fileID: -230607507427204554, guid: a1951c3c35ccfbd4f8bed4e18e9039f0,
        type: 3}
      propertyPath: m_Materials.Array.data[0]
      value: 
      objectReference: {fileID: 2100000, guid: 2e165d776b8f9c648904a287310a31ff, type: 2}
    - target: {fileID: -230607507427204554, guid: a1951c3c35ccfbd4f8bed4e18e9039f0,
        type: 3}
      propertyPath: m_CastShadows
      value: 2
      objectReference: {fileID: 0}
    - target: {fileID: 919132149155446097, guid: a1951c3c35ccfbd4f8bed4e18e9039f0,
        type: 3}
      propertyPath: m_Name
      value: tile_door_frame
      objectReference: {fileID: 0}
    - target: {fileID: 919132149155446097, guid: a1951c3c35ccfbd4f8bed4e18e9039f0,
        type: 3}
      propertyPath: m_StaticEditorFlags
      value: 4294967295
      objectReference: {fileID: 0}
    - target: {fileID: 1086844097197630100, guid: a1951c3c35ccfbd4f8bed4e18e9039f0,
        type: 3}
      propertyPath: m_Materials.Array.data[0]
      value: 
      objectReference: {fileID: 2100000, guid: 89630fef75614f5458d0d0d3036cf310, type: 2}
    - target: {fileID: 1086844097197630100, guid: a1951c3c35ccfbd4f8bed4e18e9039f0,
        type: 3}
      propertyPath: m_CastShadows
      value: 2
      objectReference: {fileID: 0}
    - target: {fileID: 5027626840266833819, guid: a1951c3c35ccfbd4f8bed4e18e9039f0,
        type: 3}
      propertyPath: m_StaticEditorFlags
      value: 4294967295
      objectReference: {fileID: 0}
    - target: {fileID: 5347957674425853257, guid: a1951c3c35ccfbd4f8bed4e18e9039f0,
        type: 3}
      propertyPath: m_StaticEditorFlags
      value: 4294967295
      objectReference: {fileID: 0}
    m_RemovedComponents: []
  m_SourcePrefab: {fileID: 100100000, guid: a1951c3c35ccfbd4f8bed4e18e9039f0, type: 3}
--- !u!4 &8373928280207799120 stripped
Transform:
  m_CorrespondingSourceObject: {fileID: -8679921383154817045, guid: a1951c3c35ccfbd4f8bed4e18e9039f0,
    type: 3}
  m_PrefabInstance: {fileID: 8339701250800964795}
  m_PrefabAsset: {fileID: 0}
--- !u!1 &3925210208721021728 stripped
GameObject:
  m_CorrespondingSourceObject: {fileID: 5027626840266833819, guid: a1951c3c35ccfbd4f8bed4e18e9039f0,
    type: 3}
  m_PrefabInstance: {fileID: 8339701250800964795}
  m_PrefabAsset: {fileID: 0}
--- !u!1 &4146497155154407922 stripped
GameObject:
  m_CorrespondingSourceObject: {fileID: 5347957674425853257, guid: a1951c3c35ccfbd4f8bed4e18e9039f0,
    type: 3}
  m_PrefabInstance: {fileID: 8339701250800964795}
  m_PrefabAsset: {fileID: 0}
--- !u!1 &1124953073664669570 stripped
GameObject:
  m_CorrespondingSourceObject: {fileID: -279169549363092679, guid: a1951c3c35ccfbd4f8bed4e18e9039f0,
    type: 3}
  m_PrefabInstance: {fileID: 8339701250800964795}
  m_PrefabAsset: {fileID: 0}
