%YAML 1.1
%TAG !u! tag:unity3d.com,2011:
--- !u!1 &3981024398842331692
GameObject:
  m_ObjectHideFlags: 0
  m_CorrespondingSourceObject: {fileID: 0}
  m_PrefabInstance: {fileID: 0}
  m_PrefabAsset: {fileID: 0}
  serializedVersion: 6
  m_Component:
  - component: {fileID: 3981024398842331690}
  - component: {fileID: 3981024398842331691}
  m_Layer: 0
  m_Name: weapon_machinegun
  m_TagString: Untagged
  m_Icon: {fileID: 0}
  m_NavMeshLayer: 0
  m_StaticEditorFlags: 0
  m_IsActive: 1
--- !u!4 &3981024398842331690
Transform:
  m_ObjectHideFlags: 0
  m_CorrespondingSourceObject: {fileID: 0}
  m_PrefabInstance: {fileID: 0}
  m_PrefabAsset: {fileID: 0}
  m_GameObject: {fileID: 3981024398842331692}
  m_LocalRotation: {x: 0, y: 0, z: 0, w: 1}
  m_LocalPosition: {x: 0, y: 0, z: 0}
  m_LocalScale: {x: 1, y: 1, z: 1}
  m_Children:
  - {fileID: 3509933466212427943}
  - {fileID: 7502151259536027573}
  - {fileID: 1573887558670905322}
  - {fileID: 6528659626542472949}
  m_Father: {fileID: 0}
  m_RootOrder: 0
  m_LocalEulerAnglesHint: {x: 0, y: 0, z: 0}
--- !u!95 &3981024398842331691
Animator:
  serializedVersion: 3
  m_ObjectHideFlags: 0
  m_CorrespondingSourceObject: {fileID: 0}
  m_PrefabInstance: {fileID: 0}
  m_PrefabAsset: {fileID: 0}
  m_GameObject: {fileID: 3981024398842331692}
  m_Enabled: 1
  m_Avatar: {fileID: 0}
  m_Controller: {fileID: 9100000, guid: c0dd9c46efe8ff74c9bbb3f81a3cfd78, type: 2}
  m_CullingMode: 0
  m_UpdateMode: 0
  m_ApplyRootMotion: 0
  m_LinearVelocityBlending: 0
  m_WarningMessage: 
  m_HasTransformHierarchy: 1
  m_AllowConstantClipSamplingOptimization: 1
  m_KeepAnimatorControllerStateOnDisable: 0
--- !u!1 &7928566085726834943
GameObject:
  m_ObjectHideFlags: 0
  m_CorrespondingSourceObject: {fileID: 0}
  m_PrefabInstance: {fileID: 0}
  m_PrefabAsset: {fileID: 0}
  serializedVersion: 6
  m_Component:
  - component: {fileID: 6528659626542472949}
  - component: {fileID: 6543680155895223072}
  m_Layer: 0
  m_Name: Point Light
  m_TagString: Untagged
  m_Icon: {fileID: 0}
  m_NavMeshLayer: 0
  m_StaticEditorFlags: 0
  m_IsActive: 1
--- !u!4 &6528659626542472949
Transform:
  m_ObjectHideFlags: 0
  m_CorrespondingSourceObject: {fileID: 0}
  m_PrefabInstance: {fileID: 0}
  m_PrefabAsset: {fileID: 0}
  m_GameObject: {fileID: 7928566085726834943}
  m_LocalRotation: {x: 0, y: 0, z: 0, w: 1}
  m_LocalPosition: {x: 0, y: 0.695, z: 1.945}
  m_LocalScale: {x: 1, y: 1, z: 1}
  m_Children: []
  m_Father: {fileID: 3981024398842331690}
  m_RootOrder: 3
  m_LocalEulerAnglesHint: {x: 0, y: 0, z: 0}
--- !u!108 &6543680155895223072
Light:
  m_ObjectHideFlags: 0
  m_CorrespondingSourceObject: {fileID: 0}
  m_PrefabInstance: {fileID: 0}
  m_PrefabAsset: {fileID: 0}
  m_GameObject: {fileID: 7928566085726834943}
  m_Enabled: 1
  serializedVersion: 10
  m_Type: 2
  m_Shape: 0
  m_Color: {r: 1, g: 0.9071804, b: 0, a: 1}
  m_Intensity: 3
  m_Range: 3
  m_SpotAngle: 30
  m_InnerSpotAngle: 21.80208
  m_CookieSize: 10
  m_Shadows:
    m_Type: 0
    m_Resolution: -1
    m_CustomResolution: -1
    m_Strength: 1
    m_Bias: 0.05
    m_NormalBias: 0.4
    m_NearPlane: 0.2
    m_CullingMatrixOverride:
      e00: 1
      e01: 0
      e02: 0
      e03: 0
      e10: 0
      e11: 1
      e12: 0
      e13: 0
      e20: 0
      e21: 0
      e22: 1
      e23: 0
      e30: 0
      e31: 0
      e32: 0
      e33: 1
    m_UseCullingMatrixOverride: 0
  m_Cookie: {fileID: 0}
  m_DrawHalo: 0
  m_Flare: {fileID: 0}
  m_RenderMode: 0
  m_CullingMask:
    serializedVersion: 2
    m_Bits: 4294967295
  m_RenderingLayerMask: 1
  m_Lightmapping: 4
  m_LightShadowCasterMode: 0
  m_AreaSize: {x: 1, y: 1}
  m_BounceIntensity: 0
  m_ColorTemperature: 6570
  m_UseColorTemperature: 0
  m_BoundingSphereOverride: {x: 0, y: 0, z: 0, w: 0}
  m_UseBoundingSphereOverride: 0
  m_ShadowRadius: 0
  m_ShadowAngle: 0
--- !u!1001 &1976116483822831165
PrefabInstance:
  m_ObjectHideFlags: 0
  serializedVersion: 2
  m_Modification:
    m_TransformParent: {fileID: 3981024398842331690}
    m_Modifications:
    - target: {fileID: 1061443363656542679, guid: 052d2ccb7f7b62d45af7e0ec9837a736,
        type: 3}
      propertyPath: m_LocalPosition.x
      value: 0.12
      objectReference: {fileID: 0}
    - target: {fileID: 1061443363656542679, guid: 052d2ccb7f7b62d45af7e0ec9837a736,
        type: 3}
      propertyPath: m_LocalPosition.y
      value: 0.261
      objectReference: {fileID: 0}
    - target: {fileID: 1061443363656542679, guid: 052d2ccb7f7b62d45af7e0ec9837a736,
        type: 3}
      propertyPath: m_LocalPosition.z
      value: 0.776
      objectReference: {fileID: 0}
    - target: {fileID: 1061443363656542679, guid: 052d2ccb7f7b62d45af7e0ec9837a736,
        type: 3}
      propertyPath: m_LocalRotation.x
      value: 0
      objectReference: {fileID: 0}
    - target: {fileID: 1061443363656542679, guid: 052d2ccb7f7b62d45af7e0ec9837a736,
        type: 3}
      propertyPath: m_LocalRotation.y
      value: 0
      objectReference: {fileID: 0}
    - target: {fileID: 1061443363656542679, guid: 052d2ccb7f7b62d45af7e0ec9837a736,
        type: 3}
      propertyPath: m_LocalRotation.z
      value: 0
      objectReference: {fileID: 0}
    - target: {fileID: 1061443363656542679, guid: 052d2ccb7f7b62d45af7e0ec9837a736,
        type: 3}
      propertyPath: m_LocalRotation.w
      value: 1
      objectReference: {fileID: 0}
    - target: {fileID: 1061443363656542679, guid: 052d2ccb7f7b62d45af7e0ec9837a736,
        type: 3}
      propertyPath: m_RootOrder
      value: 2
      objectReference: {fileID: 0}
    - target: {fileID: 1061443363656542679, guid: 052d2ccb7f7b62d45af7e0ec9837a736,
        type: 3}
      propertyPath: m_LocalEulerAnglesHint.x
      value: 0
      objectReference: {fileID: 0}
    - target: {fileID: 1061443363656542679, guid: 052d2ccb7f7b62d45af7e0ec9837a736,
        type: 3}
      propertyPath: m_LocalEulerAnglesHint.y
      value: 0
      objectReference: {fileID: 0}
    - target: {fileID: 1061443363656542679, guid: 052d2ccb7f7b62d45af7e0ec9837a736,
        type: 3}
      propertyPath: m_LocalEulerAnglesHint.z
      value: 0
      objectReference: {fileID: 0}
    - target: {fileID: 1061443363656542679, guid: 052d2ccb7f7b62d45af7e0ec9837a736,
        type: 3}
      propertyPath: m_LocalScale.x
      value: 0.25
      objectReference: {fileID: 0}
    - target: {fileID: 1061443363656542679, guid: 052d2ccb7f7b62d45af7e0ec9837a736,
        type: 3}
      propertyPath: m_LocalScale.y
      value: 0.25
      objectReference: {fileID: 0}
    - target: {fileID: 1061443363656542679, guid: 052d2ccb7f7b62d45af7e0ec9837a736,
        type: 3}
      propertyPath: m_LocalScale.z
      value: 0.25
      objectReference: {fileID: 0}
    - target: {fileID: 1958503227692427316, guid: 052d2ccb7f7b62d45af7e0ec9837a736,
        type: 3}
      propertyPath: m_Mesh
      value: 
      objectReference: {fileID: 0}
    - target: {fileID: 8671094579229917526, guid: 052d2ccb7f7b62d45af7e0ec9837a736,
        type: 3}
      propertyPath: m_Name
      value: bulletcase
      objectReference: {fileID: 0}
    - target: {fileID: 8671094579229917526, guid: 052d2ccb7f7b62d45af7e0ec9837a736,
        type: 3}
      propertyPath: m_IsActive
      value: 1
      objectReference: {fileID: 0}
    - target: {fileID: 9105586591234585392, guid: 052d2ccb7f7b62d45af7e0ec9837a736,
        type: 3}
      propertyPath: m_Mesh
      value: 
      objectReference: {fileID: 0}
    - target: {fileID: 9182291812753032202, guid: 052d2ccb7f7b62d45af7e0ec9837a736,
        type: 3}
      propertyPath: m_Mesh
      value: 
      objectReference: {fileID: 0}
    m_RemovedComponents: []
  m_SourcePrefab: {fileID: 100100000, guid: 052d2ccb7f7b62d45af7e0ec9837a736, type: 3}
--- !u!4 &1573887558670905322 stripped
Transform:
  m_CorrespondingSourceObject: {fileID: 1061443363656542679, guid: 052d2ccb7f7b62d45af7e0ec9837a736,
    type: 3}
  m_PrefabInstance: {fileID: 1976116483822831165}
  m_PrefabAsset: {fileID: 0}
--- !u!1001 &3981024399668383564
PrefabInstance:
  m_ObjectHideFlags: 0
  serializedVersion: 2
  m_Modification:
    m_TransformParent: {fileID: 3981024398842331690}
    m_Modifications:
    - target: {fileID: -8679921383154817045, guid: d20aca6e3a6139049ba87ab2e541d926,
        type: 3}
      propertyPath: m_LocalPosition.x
      value: 0
      objectReference: {fileID: 0}
    - target: {fileID: -8679921383154817045, guid: d20aca6e3a6139049ba87ab2e541d926,
        type: 3}
      propertyPath: m_LocalPosition.y
      value: 0
      objectReference: {fileID: 0}
    - target: {fileID: -8679921383154817045, guid: d20aca6e3a6139049ba87ab2e541d926,
        type: 3}
      propertyPath: m_LocalPosition.z
      value: 0
      objectReference: {fileID: 0}
    - target: {fileID: -8679921383154817045, guid: d20aca6e3a6139049ba87ab2e541d926,
        type: 3}
      propertyPath: m_LocalRotation.x
      value: -0
      objectReference: {fileID: 0}
    - target: {fileID: -8679921383154817045, guid: d20aca6e3a6139049ba87ab2e541d926,
        type: 3}
      propertyPath: m_LocalRotation.y
      value: -0
      objectReference: {fileID: 0}
    - target: {fileID: -8679921383154817045, guid: d20aca6e3a6139049ba87ab2e541d926,
        type: 3}
      propertyPath: m_LocalRotation.z
      value: -0
      objectReference: {fileID: 0}
    - target: {fileID: -8679921383154817045, guid: d20aca6e3a6139049ba87ab2e541d926,
        type: 3}
      propertyPath: m_LocalRotation.w
      value: 1
      objectReference: {fileID: 0}
    - target: {fileID: -8679921383154817045, guid: d20aca6e3a6139049ba87ab2e541d926,
        type: 3}
      propertyPath: m_RootOrder
      value: 0
      objectReference: {fileID: 0}
    - target: {fileID: -8679921383154817045, guid: d20aca6e3a6139049ba87ab2e541d926,
        type: 3}
      propertyPath: m_LocalEulerAnglesHint.x
      value: 0
      objectReference: {fileID: 0}
    - target: {fileID: -8679921383154817045, guid: d20aca6e3a6139049ba87ab2e541d926,
        type: 3}
      propertyPath: m_LocalEulerAnglesHint.y
      value: 0
      objectReference: {fileID: 0}
    - target: {fileID: -8679921383154817045, guid: d20aca6e3a6139049ba87ab2e541d926,
        type: 3}
      propertyPath: m_LocalEulerAnglesHint.z
      value: 0
      objectReference: {fileID: 0}
    - target: {fileID: -5576353337147954133, guid: d20aca6e3a6139049ba87ab2e541d926,
        type: 3}
      propertyPath: m_Materials.Array.data[0]
      value: 
      objectReference: {fileID: 2100000, guid: e0eb9a48cf0ad41458e1b9374fad3236, type: 2}
    - target: {fileID: 919132149155446097, guid: d20aca6e3a6139049ba87ab2e541d926,
        type: 3}
      propertyPath: m_Name
      value: weapon_machinegun
      objectReference: {fileID: 0}
    m_RemovedComponents: []
  m_SourcePrefab: {fileID: 100100000, guid: d20aca6e3a6139049ba87ab2e541d926, type: 3}
--- !u!4 &3509933466212427943 stripped
Transform:
  m_CorrespondingSourceObject: {fileID: -8679921383154817045, guid: d20aca6e3a6139049ba87ab2e541d926,
    type: 3}
  m_PrefabInstance: {fileID: 3981024399668383564}
  m_PrefabAsset: {fileID: 0}
--- !u!1001 &7334228449683466608
PrefabInstance:
  m_ObjectHideFlags: 0
  serializedVersion: 2
  m_Modification:
    m_TransformParent: {fileID: 3981024398842331690}
    m_Modifications:
    - target: {fileID: 996587685119690437, guid: ad22e314cacd6c942bc2204507d47aeb,
        type: 3}
      propertyPath: m_LocalPosition.x
      value: 0.11732
      objectReference: {fileID: 0}
    - target: {fileID: 996587685119690437, guid: ad22e314cacd6c942bc2204507d47aeb,
        type: 3}
      propertyPath: m_LocalPosition.y
      value: 0.544
      objectReference: {fileID: 0}
    - target: {fileID: 996587685119690437, guid: ad22e314cacd6c942bc2204507d47aeb,
        type: 3}
      propertyPath: m_LocalPosition.z
      value: 1.96
      objectReference: {fileID: 0}
    - target: {fileID: 996587685119690437, guid: ad22e314cacd6c942bc2204507d47aeb,
        type: 3}
      propertyPath: m_LocalRotation.x
      value: 0.70710707
      objectReference: {fileID: 0}
    - target: {fileID: 996587685119690437, guid: ad22e314cacd6c942bc2204507d47aeb,
        type: 3}
      propertyPath: m_LocalRotation.y
      value: -0
      objectReference: {fileID: 0}
    - target: {fileID: 996587685119690437, guid: ad22e314cacd6c942bc2204507d47aeb,
        type: 3}
      propertyPath: m_LocalRotation.z
      value: -0
      objectReference: {fileID: 0}
    - target: {fileID: 996587685119690437, guid: ad22e314cacd6c942bc2204507d47aeb,
        type: 3}
      propertyPath: m_LocalRotation.w
      value: 0.70710653
      objectReference: {fileID: 0}
    - target: {fileID: 996587685119690437, guid: ad22e314cacd6c942bc2204507d47aeb,
        type: 3}
      propertyPath: m_RootOrder
      value: 1
      objectReference: {fileID: 0}
    - target: {fileID: 996587685119690437, guid: ad22e314cacd6c942bc2204507d47aeb,
        type: 3}
      propertyPath: m_LocalEulerAnglesHint.x
      value: 90.00001
      objectReference: {fileID: 0}
    - target: {fileID: 996587685119690437, guid: ad22e314cacd6c942bc2204507d47aeb,
        type: 3}
      propertyPath: m_LocalEulerAnglesHint.y
      value: 0
      objectReference: {fileID: 0}
    - target: {fileID: 996587685119690437, guid: ad22e314cacd6c942bc2204507d47aeb,
        type: 3}
      propertyPath: m_LocalEulerAnglesHint.z
      value: 0
      objectReference: {fileID: 0}
    - target: {fileID: 996587685119690437, guid: ad22e314cacd6c942bc2204507d47aeb,
        type: 3}
      propertyPath: m_LocalScale.x
      value: 0.11732023
      objectReference: {fileID: 0}
    - target: {fileID: 996587685119690437, guid: ad22e314cacd6c942bc2204507d47aeb,
        type: 3}
      propertyPath: m_LocalScale.y
      value: 0.11732023
      objectReference: {fileID: 0}
    - target: {fileID: 996587685119690437, guid: ad22e314cacd6c942bc2204507d47aeb,
        type: 3}
      propertyPath: m_LocalScale.z
      value: 0.11732023
      objectReference: {fileID: 0}
    - target: {fileID: 1203707928043763182, guid: ad22e314cacd6c942bc2204507d47aeb,
        type: 3}
      propertyPath: m_Mesh
      value: 
      objectReference: {fileID: 0}
    - target: {fileID: 2306290738125492183, guid: ad22e314cacd6c942bc2204507d47aeb,
        type: 3}
      propertyPath: m_Mesh
      value: 
      objectReference: {fileID: 0}
    - target: {fileID: 2389451103973188556, guid: ad22e314cacd6c942bc2204507d47aeb,
        type: 3}
      propertyPath: m_Name
      value: MuzzleFlash
      objectReference: {fileID: 0}
    - target: {fileID: 2389451103973188556, guid: ad22e314cacd6c942bc2204507d47aeb,
        type: 3}
      propertyPath: m_IsActive
      value: 1
      objectReference: {fileID: 0}
    - target: {fileID: 2563755760598356331, guid: ad22e314cacd6c942bc2204507d47aeb,
        type: 3}
      propertyPath: m_Tangents.Array.data[12].x
      value: -0.49999994
      objectReference: {fileID: 0}
    - target: {fileID: 2563755760598356331, guid: ad22e314cacd6c942bc2204507d47aeb,
        type: 3}
      propertyPath: m_Tangents.Array.data[12].y
      value: 0.000000011842241
      objectReference: {fileID: 0}
    - target: {fileID: 2563755760598356331, guid: ad22e314cacd6c942bc2204507d47aeb,
        type: 3}
      propertyPath: m_Tangents.Array.data[13].x
      value: -0.49999994
      objectReference: {fileID: 0}
    - target: {fileID: 2563755760598356331, guid: ad22e314cacd6c942bc2204507d47aeb,
        type: 3}
      propertyPath: m_Tangents.Array.data[13].y
      value: 0.000000011842241
      objectReference: {fileID: 0}
    - target: {fileID: 2563755760598356331, guid: ad22e314cacd6c942bc2204507d47aeb,
        type: 3}
      propertyPath: m_Tangents.Array.data[14].x
      value: -0.49999994
      objectReference: {fileID: 0}
    - target: {fileID: 2563755760598356331, guid: ad22e314cacd6c942bc2204507d47aeb,
        type: 3}
      propertyPath: m_Tangents.Array.data[14].y
      value: 0.000000011842241
      objectReference: {fileID: 0}
    - target: {fileID: 2563755760598356331, guid: ad22e314cacd6c942bc2204507d47aeb,
        type: 3}
      propertyPath: m_Tangents.Array.data[18].x
      value: 0.5000001
      objectReference: {fileID: 0}
    - target: {fileID: 2563755760598356331, guid: ad22e314cacd6c942bc2204507d47aeb,
        type: 3}
      propertyPath: m_Tangents.Array.data[18].y
      value: 0.000000011842242
      objectReference: {fileID: 0}
    - target: {fileID: 2563755760598356331, guid: ad22e314cacd6c942bc2204507d47aeb,
        type: 3}
      propertyPath: m_Tangents.Array.data[18].z
      value: -0.8660254
      objectReference: {fileID: 0}
    - target: {fileID: 2563755760598356331, guid: ad22e314cacd6c942bc2204507d47aeb,
        type: 3}
      propertyPath: m_Tangents.Array.data[19].x
      value: 0.5000001
      objectReference: {fileID: 0}
    - target: {fileID: 2563755760598356331, guid: ad22e314cacd6c942bc2204507d47aeb,
        type: 3}
      propertyPath: m_Tangents.Array.data[19].y
      value: 0.000000011842242
      objectReference: {fileID: 0}
    - target: {fileID: 2563755760598356331, guid: ad22e314cacd6c942bc2204507d47aeb,
        type: 3}
      propertyPath: m_Tangents.Array.data[19].z
      value: -0.8660254
      objectReference: {fileID: 0}
    - target: {fileID: 2563755760598356331, guid: ad22e314cacd6c942bc2204507d47aeb,
        type: 3}
      propertyPath: m_Tangents.Array.data[20].x
      value: 0.5000001
      objectReference: {fileID: 0}
    - target: {fileID: 2563755760598356331, guid: ad22e314cacd6c942bc2204507d47aeb,
        type: 3}
      propertyPath: m_Tangents.Array.data[20].y
      value: 0.000000011842242
      objectReference: {fileID: 0}
    - target: {fileID: 2563755760598356331, guid: ad22e314cacd6c942bc2204507d47aeb,
        type: 3}
      propertyPath: m_Tangents.Array.data[20].z
      value: -0.8660254
      objectReference: {fileID: 0}
    - target: {fileID: 2563755760598356331, guid: ad22e314cacd6c942bc2204507d47aeb,
        type: 3}
      propertyPath: m_Tangents.Array.data[30].x
      value: 0.50000006
      objectReference: {fileID: 0}
    - target: {fileID: 2563755760598356331, guid: ad22e314cacd6c942bc2204507d47aeb,
        type: 3}
      propertyPath: m_Tangents.Array.data[30].y
      value: 0
      objectReference: {fileID: 0}
    - target: {fileID: 2563755760598356331, guid: ad22e314cacd6c942bc2204507d47aeb,
        type: 3}
      propertyPath: m_Tangents.Array.data[30].z
      value: 0.8660253
      objectReference: {fileID: 0}
    - target: {fileID: 2563755760598356331, guid: ad22e314cacd6c942bc2204507d47aeb,
        type: 3}
      propertyPath: m_Tangents.Array.data[31].x
      value: 0.50000006
      objectReference: {fileID: 0}
    - target: {fileID: 2563755760598356331, guid: ad22e314cacd6c942bc2204507d47aeb,
        type: 3}
      propertyPath: m_Tangents.Array.data[31].y
      value: 0
      objectReference: {fileID: 0}
    - target: {fileID: 2563755760598356331, guid: ad22e314cacd6c942bc2204507d47aeb,
        type: 3}
      propertyPath: m_Tangents.Array.data[31].z
      value: 0.8660253
      objectReference: {fileID: 0}
    - target: {fileID: 2563755760598356331, guid: ad22e314cacd6c942bc2204507d47aeb,
        type: 3}
      propertyPath: m_Tangents.Array.data[32].x
      value: 0.50000006
      objectReference: {fileID: 0}
    - target: {fileID: 2563755760598356331, guid: ad22e314cacd6c942bc2204507d47aeb,
        type: 3}
      propertyPath: m_Tangents.Array.data[32].y
      value: 0
      objectReference: {fileID: 0}
    - target: {fileID: 2563755760598356331, guid: ad22e314cacd6c942bc2204507d47aeb,
        type: 3}
      propertyPath: m_Tangents.Array.data[32].z
      value: 0.8660253
      objectReference: {fileID: 0}
    - target: {fileID: 2563755760598356331, guid: ad22e314cacd6c942bc2204507d47aeb,
        type: 3}
      propertyPath: m_Mesh
      value: 
      objectReference: {fileID: 0}
    - target: {fileID: 3392725598562969012, guid: ad22e314cacd6c942bc2204507d47aeb,
        type: 3}
      propertyPath: m_Mesh
      value: 
      objectReference: {fileID: 0}
    - target: {fileID: 3541243968705960360, guid: ad22e314cacd6c942bc2204507d47aeb,
        type: 3}
      propertyPath: m_Mesh
      value: 
      objectReference: {fileID: 0}
    - target: {fileID: 8410785027667810723, guid: ad22e314cacd6c942bc2204507d47aeb,
        type: 3}
      propertyPath: m_Mesh
      value: 
      objectReference: {fileID: 0}
    m_RemovedComponents: []
  m_SourcePrefab: {fileID: 100100000, guid: ad22e314cacd6c942bc2204507d47aeb, type: 3}
--- !u!4 &7502151259536027573 stripped
Transform:
  m_CorrespondingSourceObject: {fileID: 996587685119690437, guid: ad22e314cacd6c942bc2204507d47aeb,
    type: 3}
  m_PrefabInstance: {fileID: 7334228449683466608}
  m_PrefabAsset: {fileID: 0}
