%YAML 1.1
%TAG !u! tag:unity3d.com,2011:
--- !u!1 &7157098804888584997
GameObject:
  m_ObjectHideFlags: 0
  m_CorrespondingSourceObject: {fileID: 0}
  m_PrefabInstance: {fileID: 0}
  m_PrefabAsset: {fileID: 0}
  serializedVersion: 6
  m_Component:
  - component: {fileID: 4291794992207978651}
  - component: {fileID: 8810896122636215502}
  m_Layer: 0
  m_Name: weapon_gunderbuss
  m_TagString: Untagged
  m_Icon: {fileID: 0}
  m_NavMeshLayer: 0
  m_StaticEditorFlags: 0
  m_IsActive: 1
--- !u!4 &4291794992207978651
Transform:
  m_ObjectHideFlags: 0
  m_CorrespondingSourceObject: {fileID: 0}
  m_PrefabInstance: {fileID: 0}
  m_PrefabAsset: {fileID: 0}
  m_GameObject: {fileID: 7157098804888584997}
  m_LocalRotation: {x: 0, y: 0, z: 0, w: 1}
  m_LocalPosition: {x: 0, y: 0, z: 0}
  m_LocalScale: {x: 1, y: 1, z: 1}
  m_Children:
  - {fileID: 1284354092986000564}
  - {fileID: 7944017947710340246}
  - {fileID: 2232950484760204474}
  m_Father: {fileID: 0}
  m_RootOrder: 0
  m_LocalEulerAnglesHint: {x: 0, y: 0, z: 0}
--- !u!95 &8810896122636215502
Animator:
  serializedVersion: 3
  m_ObjectHideFlags: 0
  m_CorrespondingSourceObject: {fileID: 0}
  m_PrefabInstance: {fileID: 0}
  m_PrefabAsset: {fileID: 0}
  m_GameObject: {fileID: 7157098804888584997}
  m_Enabled: 1
  m_Avatar: {fileID: 0}
  m_Controller: {fileID: 9100000, guid: 53e902598934917478f0029d98d08681, type: 2}
  m_CullingMode: 0
  m_UpdateMode: 0
  m_ApplyRootMotion: 0
  m_LinearVelocityBlending: 0
  m_WarningMessage: 
  m_HasTransformHierarchy: 1
  m_AllowConstantClipSamplingOptimization: 1
  m_KeepAnimatorControllerStateOnDisable: 0
--- !u!1 &7738925504164462200
GameObject:
  m_ObjectHideFlags: 0
  m_CorrespondingSourceObject: {fileID: 0}
  m_PrefabInstance: {fileID: 0}
  m_PrefabAsset: {fileID: 0}
  serializedVersion: 6
  m_Component:
  - component: {fileID: 7944017947710340246}
  - component: {fileID: 3196401403000242409}
  m_Layer: 0
  m_Name: Point Light
  m_TagString: Untagged
  m_Icon: {fileID: 0}
  m_NavMeshLayer: 0
  m_StaticEditorFlags: 0
  m_IsActive: 1
--- !u!4 &7944017947710340246
Transform:
  m_ObjectHideFlags: 0
  m_CorrespondingSourceObject: {fileID: 0}
  m_PrefabInstance: {fileID: 0}
  m_PrefabAsset: {fileID: 0}
  m_GameObject: {fileID: 7738925504164462200}
  m_LocalRotation: {x: -0, y: -0, z: -0, w: 1}
  m_LocalPosition: {x: 0, y: 0.695, z: 2}
  m_LocalScale: {x: 1, y: 1, z: 1}
  m_Children: []
  m_Father: {fileID: 4291794992207978651}
  m_RootOrder: 1
  m_LocalEulerAnglesHint: {x: 0, y: 0, z: 0}
--- !u!108 &3196401403000242409
Light:
  m_ObjectHideFlags: 0
  m_CorrespondingSourceObject: {fileID: 0}
  m_PrefabInstance: {fileID: 0}
  m_PrefabAsset: {fileID: 0}
  m_GameObject: {fileID: 7738925504164462200}
  m_Enabled: 1
  serializedVersion: 10
  m_Type: 2
  m_Shape: 0
  m_Color: {r: 1, g: 0.9071804, b: 0, a: 1}
  m_Intensity: 3
  m_Range: 3
  m_SpotAngle: 30
  m_InnerSpotAngle: 21.80208
  m_CookieSize: 10
  m_Shadows:
    m_Type: 0
    m_Resolution: -1
    m_CustomResolution: -1
    m_Strength: 1
    m_Bias: 0.05
    m_NormalBias: 0.4
    m_NearPlane: 0.2
    m_CullingMatrixOverride:
      e00: 1
      e01: 0
      e02: 0
      e03: 0
      e10: 0
      e11: 1
      e12: 0
      e13: 0
      e20: 0
      e21: 0
      e22: 1
      e23: 0
      e30: 0
      e31: 0
      e32: 0
      e33: 1
    m_UseCullingMatrixOverride: 0
  m_Cookie: {fileID: 0}
  m_DrawHalo: 0
  m_Flare: {fileID: 0}
  m_RenderMode: 0
  m_CullingMask:
    serializedVersion: 2
    m_Bits: 4294967295
  m_RenderingLayerMask: 1
  m_Lightmapping: 4
  m_LightShadowCasterMode: 0
  m_AreaSize: {x: 1, y: 1}
  m_BounceIntensity: 0
  m_ColorTemperature: 6570
  m_UseColorTemperature: 0
  m_BoundingSphereOverride: {x: 0, y: 0, z: 0, w: 0}
  m_UseBoundingSphereOverride: 0
  m_ShadowRadius: 0
  m_ShadowAngle: 0
--- !u!1001 &1380810247529927295
PrefabInstance:
  m_ObjectHideFlags: 0
  serializedVersion: 2
  m_Modification:
    m_TransformParent: {fileID: 4291794992207978651}
    m_Modifications:
    - target: {fileID: 996587685119690437, guid: ad22e314cacd6c942bc2204507d47aeb,
        type: 3}
      propertyPath: m_LocalPosition.x
      value: 0.23422
      objectReference: {fileID: 0}
    - target: {fileID: 996587685119690437, guid: ad22e314cacd6c942bc2204507d47aeb,
        type: 3}
      propertyPath: m_LocalPosition.y
      value: 0.371
      objectReference: {fileID: 0}
    - target: {fileID: 996587685119690437, guid: ad22e314cacd6c942bc2204507d47aeb,
        type: 3}
      propertyPath: m_LocalPosition.z
      value: 2.285
      objectReference: {fileID: 0}
    - target: {fileID: 996587685119690437, guid: ad22e314cacd6c942bc2204507d47aeb,
        type: 3}
      propertyPath: m_LocalRotation.x
      value: 0.7071068
      objectReference: {fileID: 0}
    - target: {fileID: 996587685119690437, guid: ad22e314cacd6c942bc2204507d47aeb,
        type: 3}
      propertyPath: m_LocalRotation.y
      value: 0
      objectReference: {fileID: 0}
    - target: {fileID: 996587685119690437, guid: ad22e314cacd6c942bc2204507d47aeb,
        type: 3}
      propertyPath: m_LocalRotation.z
      value: 0
      objectReference: {fileID: 0}
    - target: {fileID: 996587685119690437, guid: ad22e314cacd6c942bc2204507d47aeb,
        type: 3}
      propertyPath: m_LocalRotation.w
      value: 0.7071068
      objectReference: {fileID: 0}
    - target: {fileID: 996587685119690437, guid: ad22e314cacd6c942bc2204507d47aeb,
        type: 3}
      propertyPath: m_RootOrder
      value: 2
      objectReference: {fileID: 0}
    - target: {fileID: 996587685119690437, guid: ad22e314cacd6c942bc2204507d47aeb,
        type: 3}
      propertyPath: m_LocalEulerAnglesHint.x
      value: 90
      objectReference: {fileID: 0}
    - target: {fileID: 996587685119690437, guid: ad22e314cacd6c942bc2204507d47aeb,
        type: 3}
      propertyPath: m_LocalEulerAnglesHint.y
      value: 0
      objectReference: {fileID: 0}
    - target: {fileID: 996587685119690437, guid: ad22e314cacd6c942bc2204507d47aeb,
        type: 3}
      propertyPath: m_LocalEulerAnglesHint.z
      value: 0
      objectReference: {fileID: 0}
    - target: {fileID: 996587685119690437, guid: ad22e314cacd6c942bc2204507d47aeb,
        type: 3}
      propertyPath: m_LocalScale.x
      value: 0.24418554
      objectReference: {fileID: 0}
    - target: {fileID: 996587685119690437, guid: ad22e314cacd6c942bc2204507d47aeb,
        type: 3}
      propertyPath: m_LocalScale.y
      value: 0.24418554
      objectReference: {fileID: 0}
    - target: {fileID: 996587685119690437, guid: ad22e314cacd6c942bc2204507d47aeb,
        type: 3}
      propertyPath: m_LocalScale.z
      value: 0.24418554
      objectReference: {fileID: 0}
    - target: {fileID: 2306290738125492183, guid: ad22e314cacd6c942bc2204507d47aeb,
        type: 3}
      propertyPath: m_Mesh
      value: 
      objectReference: {fileID: 0}
    - target: {fileID: 2389451103973188556, guid: ad22e314cacd6c942bc2204507d47aeb,
        type: 3}
      propertyPath: m_Name
      value: MuzzleFlash
      objectReference: {fileID: 0}
    - target: {fileID: 2563755760598356331, guid: ad22e314cacd6c942bc2204507d47aeb,
        type: 3}
      propertyPath: m_Mesh
      value: 
      objectReference: {fileID: 0}
    - target: {fileID: 3392725598562969012, guid: ad22e314cacd6c942bc2204507d47aeb,
        type: 3}
      propertyPath: m_Mesh
      value: 
      objectReference: {fileID: 0}
    - target: {fileID: 8410785027667810723, guid: ad22e314cacd6c942bc2204507d47aeb,
        type: 3}
      propertyPath: m_Mesh
      value: 
      objectReference: {fileID: 0}
    m_RemovedComponents: []
  m_SourcePrefab: {fileID: 100100000, guid: ad22e314cacd6c942bc2204507d47aeb, type: 3}
--- !u!4 &2232950484760204474 stripped
Transform:
  m_CorrespondingSourceObject: {fileID: 996587685119690437, guid: ad22e314cacd6c942bc2204507d47aeb,
    type: 3}
  m_PrefabInstance: {fileID: 1380810247529927295}
  m_PrefabAsset: {fileID: 0}
--- !u!1001 &1610116320869909343
PrefabInstance:
  m_ObjectHideFlags: 0
  serializedVersion: 2
  m_Modification:
    m_TransformParent: {fileID: 4291794992207978651}
    m_Modifications:
    - target: {fileID: -8679921383154817045, guid: 9b461075e2d593b4d9802d28e1ef584c,
        type: 3}
      propertyPath: m_LocalPosition.x
      value: 0
      objectReference: {fileID: 0}
    - target: {fileID: -8679921383154817045, guid: 9b461075e2d593b4d9802d28e1ef584c,
        type: 3}
      propertyPath: m_LocalPosition.y
      value: 0
      objectReference: {fileID: 0}
    - target: {fileID: -8679921383154817045, guid: 9b461075e2d593b4d9802d28e1ef584c,
        type: 3}
      propertyPath: m_LocalPosition.z
      value: 0
      objectReference: {fileID: 0}
    - target: {fileID: -8679921383154817045, guid: 9b461075e2d593b4d9802d28e1ef584c,
        type: 3}
      propertyPath: m_LocalRotation.x
      value: -0
      objectReference: {fileID: 0}
    - target: {fileID: -8679921383154817045, guid: 9b461075e2d593b4d9802d28e1ef584c,
        type: 3}
      propertyPath: m_LocalRotation.y
      value: -0
      objectReference: {fileID: 0}
    - target: {fileID: -8679921383154817045, guid: 9b461075e2d593b4d9802d28e1ef584c,
        type: 3}
      propertyPath: m_LocalRotation.z
      value: -0
      objectReference: {fileID: 0}
    - target: {fileID: -8679921383154817045, guid: 9b461075e2d593b4d9802d28e1ef584c,
        type: 3}
      propertyPath: m_LocalRotation.w
      value: 1
      objectReference: {fileID: 0}
    - target: {fileID: -8679921383154817045, guid: 9b461075e2d593b4d9802d28e1ef584c,
        type: 3}
      propertyPath: m_RootOrder
      value: 0
      objectReference: {fileID: 0}
    - target: {fileID: -8679921383154817045, guid: 9b461075e2d593b4d9802d28e1ef584c,
        type: 3}
      propertyPath: m_LocalEulerAnglesHint.x
      value: 0
      objectReference: {fileID: 0}
    - target: {fileID: -8679921383154817045, guid: 9b461075e2d593b4d9802d28e1ef584c,
        type: 3}
      propertyPath: m_LocalEulerAnglesHint.y
      value: 0
      objectReference: {fileID: 0}
    - target: {fileID: -8679921383154817045, guid: 9b461075e2d593b4d9802d28e1ef584c,
        type: 3}
      propertyPath: m_LocalEulerAnglesHint.z
      value: 0
      objectReference: {fileID: 0}
    - target: {fileID: 919132149155446097, guid: 9b461075e2d593b4d9802d28e1ef584c,
        type: 3}
      propertyPath: m_Name
      value: weapon_gunderbuss
      objectReference: {fileID: 0}
    m_RemovedComponents: []
  m_SourcePrefab: {fileID: 100100000, guid: 9b461075e2d593b4d9802d28e1ef584c, type: 3}
--- !u!4 &1284354092986000564 stripped
Transform:
  m_CorrespondingSourceObject: {fileID: -8679921383154817045, guid: 9b461075e2d593b4d9802d28e1ef584c,
    type: 3}
  m_PrefabInstance: {fileID: 1610116320869909343}
  m_PrefabAsset: {fileID: 0}
