%YAML 1.1
%TAG !u! tag:unity3d.com,2011:
--- !u!65 &9171673607521621684
BoxCollider:
  m_ObjectHideFlags: 0
  m_CorrespondingSourceObject: {fileID: 0}
  m_PrefabInstance: {fileID: 0}
  m_PrefabAsset: {fileID: 0}
  m_GameObject: {fileID: 2185423735176078194}
  m_Material: {fileID: 0}
  m_IsTrigger: 0
  m_Enabled: 1
  serializedVersion: 2
  m_Size: {x: 6, y: 3, z: 6}
  m_Center: {x: 0, y: 1.5, z: 0}
--- !u!1 &2321096392107159584
GameObject:
  m_ObjectHideFlags: 0
  m_CorrespondingSourceObject: {fileID: 0}
  m_PrefabInstance: {fileID: 0}
  m_PrefabAsset: {fileID: 0}
  serializedVersion: 6
  m_Component:
  - component: {fileID: 6648983203571382622}
  m_Layer: 0
  m_Name: deco_spikes
  m_TagString: Untagged
  m_Icon: {fileID: 0}
  m_NavMeshLayer: 0
  m_StaticEditorFlags: 0
  m_IsActive: 1
--- !u!4 &6648983203571382622
Transform:
  m_ObjectHideFlags: 0
  m_CorrespondingSourceObject: {fileID: 0}
  m_PrefabInstance: {fileID: 0}
  m_PrefabAsset: {fileID: 0}
  m_GameObject: {fileID: 2321096392107159584}
  m_LocalRotation: {x: -1, y: -0, z: -0, w: 0.0000029653306}
  m_LocalPosition: {x: 0, y: 3.3300002, z: 0.00000735368}
  m_LocalScale: {x: 1, y: 1, z: 1}
  m_Children:
  - {fileID: 8291452565467460993}
  - {fileID: 2229608073652773974}
  - {fileID: 6486268690705810411}
  m_Father: {fileID: 0}
  m_RootOrder: 0
  m_LocalEulerAnglesHint: {x: -180, y: 0, z: 0}
--- !u!1001 &5370265125080147159
PrefabInstance:
  m_ObjectHideFlags: 0
  serializedVersion: 2
  m_Modification:
    m_TransformParent: {fileID: 6648983203571382622}
    m_Modifications:
    - target: {fileID: 1284679862913310851, guid: 5db06974d5766ee4aad722f3d9ab57e0,
        type: 3}
      propertyPath: damage
      value: 50
      objectReference: {fileID: 0}
    - target: {fileID: 5143038406949549281, guid: 5db06974d5766ee4aad722f3d9ab57e0,
        type: 3}
      propertyPath: m_Name
      value: HurtBox
      objectReference: {fileID: 0}
    - target: {fileID: 6086099325437902977, guid: 5db06974d5766ee4aad722f3d9ab57e0,
        type: 3}
      propertyPath: m_LocalPosition.x
      value: 0
      objectReference: {fileID: 0}
    - target: {fileID: 6086099325437902977, guid: 5db06974d5766ee4aad722f3d9ab57e0,
        type: 3}
      propertyPath: m_LocalPosition.y
      value: 2.83
      objectReference: {fileID: 0}
    - target: {fileID: 6086099325437902977, guid: 5db06974d5766ee4aad722f3d9ab57e0,
        type: 3}
      propertyPath: m_LocalPosition.z
      value: 0
      objectReference: {fileID: 0}
    - target: {fileID: 6086099325437902977, guid: 5db06974d5766ee4aad722f3d9ab57e0,
        type: 3}
      propertyPath: m_LocalRotation.x
      value: -0
      objectReference: {fileID: 0}
    - target: {fileID: 6086099325437902977, guid: 5db06974d5766ee4aad722f3d9ab57e0,
        type: 3}
      propertyPath: m_LocalRotation.y
      value: -0
      objectReference: {fileID: 0}
    - target: {fileID: 6086099325437902977, guid: 5db06974d5766ee4aad722f3d9ab57e0,
        type: 3}
      propertyPath: m_LocalRotation.z
      value: -0
      objectReference: {fileID: 0}
    - target: {fileID: 6086099325437902977, guid: 5db06974d5766ee4aad722f3d9ab57e0,
        type: 3}
      propertyPath: m_LocalRotation.w
      value: 1
      objectReference: {fileID: 0}
    - target: {fileID: 6086099325437902977, guid: 5db06974d5766ee4aad722f3d9ab57e0,
        type: 3}
      propertyPath: m_RootOrder
      value: 1
      objectReference: {fileID: 0}
    - target: {fileID: 6086099325437902977, guid: 5db06974d5766ee4aad722f3d9ab57e0,
        type: 3}
      propertyPath: m_LocalEulerAnglesHint.x
      value: 0
      objectReference: {fileID: 0}
    - target: {fileID: 6086099325437902977, guid: 5db06974d5766ee4aad722f3d9ab57e0,
        type: 3}
      propertyPath: m_LocalEulerAnglesHint.y
      value: 0
      objectReference: {fileID: 0}
    - target: {fileID: 6086099325437902977, guid: 5db06974d5766ee4aad722f3d9ab57e0,
        type: 3}
      propertyPath: m_LocalEulerAnglesHint.z
      value: 0
      objectReference: {fileID: 0}
    - target: {fileID: 6483184619505205978, guid: 5db06974d5766ee4aad722f3d9ab57e0,
        type: 3}
      propertyPath: m_Size.x
      value: 5
      objectReference: {fileID: 0}
    - target: {fileID: 6483184619505205978, guid: 5db06974d5766ee4aad722f3d9ab57e0,
        type: 3}
      propertyPath: m_Size.y
      value: 1
      objectReference: {fileID: 0}
    - target: {fileID: 6483184619505205978, guid: 5db06974d5766ee4aad722f3d9ab57e0,
        type: 3}
      propertyPath: m_Size.z
      value: 5
      objectReference: {fileID: 0}
    m_RemovedComponents: []
  m_SourcePrefab: {fileID: 100100000, guid: 5db06974d5766ee4aad722f3d9ab57e0, type: 3}
--- !u!4 &2229608073652773974 stripped
Transform:
  m_CorrespondingSourceObject: {fileID: 6086099325437902977, guid: 5db06974d5766ee4aad722f3d9ab57e0,
    type: 3}
  m_PrefabInstance: {fileID: 5370265125080147159}
  m_PrefabAsset: {fileID: 0}
--- !u!1001 &6486268690706022797
PrefabInstance:
  m_ObjectHideFlags: 0
  serializedVersion: 2
  m_Modification:
    m_TransformParent: {fileID: 6648983203571382622}
    m_Modifications:
    - target: {fileID: 194016, guid: 0f80af819da6ed245a3df199ed77e639, type: 3}
      propertyPath: m_Name
      value: FX_BloodDrip
      objectReference: {fileID: 0}
    - target: {fileID: 475750, guid: 0f80af819da6ed245a3df199ed77e639, type: 3}
      propertyPath: m_LocalPosition.x
      value: -0.7
      objectReference: {fileID: 0}
    - target: {fileID: 475750, guid: 0f80af819da6ed245a3df199ed77e639, type: 3}
      propertyPath: m_LocalPosition.y
      value: 2.83
      objectReference: {fileID: 0}
    - target: {fileID: 475750, guid: 0f80af819da6ed245a3df199ed77e639, type: 3}
      propertyPath: m_LocalPosition.z
      value: 0.78
      objectReference: {fileID: 0}
    - target: {fileID: 475750, guid: 0f80af819da6ed245a3df199ed77e639, type: 3}
      propertyPath: m_LocalRotation.x
      value: -0.7071058
      objectReference: {fileID: 0}
    - target: {fileID: 475750, guid: 0f80af819da6ed245a3df199ed77e639, type: 3}
      propertyPath: m_LocalRotation.y
      value: -0
      objectReference: {fileID: 0}
    - target: {fileID: 475750, guid: 0f80af819da6ed245a3df199ed77e639, type: 3}
      propertyPath: m_LocalRotation.z
      value: -0
      objectReference: {fileID: 0}
    - target: {fileID: 475750, guid: 0f80af819da6ed245a3df199ed77e639, type: 3}
      propertyPath: m_LocalRotation.w
      value: 0.70710784
      objectReference: {fileID: 0}
    - target: {fileID: 475750, guid: 0f80af819da6ed245a3df199ed77e639, type: 3}
      propertyPath: m_RootOrder
      value: 2
      objectReference: {fileID: 0}
    - target: {fileID: 475750, guid: 0f80af819da6ed245a3df199ed77e639, type: 3}
      propertyPath: m_LocalEulerAnglesHint.x
      value: -90
      objectReference: {fileID: 0}
    - target: {fileID: 475750, guid: 0f80af819da6ed245a3df199ed77e639, type: 3}
      propertyPath: m_LocalEulerAnglesHint.y
      value: 0
      objectReference: {fileID: 0}
    - target: {fileID: 475750, guid: 0f80af819da6ed245a3df199ed77e639, type: 3}
      propertyPath: m_LocalEulerAnglesHint.z
      value: 0
      objectReference: {fileID: 0}
    - target: {fileID: 19876522, guid: 0f80af819da6ed245a3df199ed77e639, type: 3}
      propertyPath: InitialModule.startLifetime.scalar
      value: 4
      objectReference: {fileID: 0}
    m_RemovedComponents: []
  m_SourcePrefab: {fileID: 100100000, guid: 0f80af819da6ed245a3df199ed77e639, type: 3}
--- !u!4 &6486268690705810411 stripped
Transform:
  m_CorrespondingSourceObject: {fileID: 475750, guid: 0f80af819da6ed245a3df199ed77e639,
    type: 3}
  m_PrefabInstance: {fileID: 6486268690706022797}
  m_PrefabAsset: {fileID: 0}
--- !u!1001 &8402469306231493226
PrefabInstance:
  m_ObjectHideFlags: 0
  serializedVersion: 2
  m_Modification:
    m_TransformParent: {fileID: 6648983203571382622}
    m_Modifications:
    - target: {fileID: -8679921383154817045, guid: 8ad0f0d58204649449bf894e75d61f4f,
        type: 3}
      propertyPath: m_LocalPosition.x
      value: 0
      objectReference: {fileID: 0}
    - target: {fileID: -8679921383154817045, guid: 8ad0f0d58204649449bf894e75d61f4f,
        type: 3}
      propertyPath: m_LocalPosition.y
      value: 0
      objectReference: {fileID: 0}
    - target: {fileID: -8679921383154817045, guid: 8ad0f0d58204649449bf894e75d61f4f,
        type: 3}
      propertyPath: m_LocalPosition.z
      value: 0
      objectReference: {fileID: 0}
    - target: {fileID: -8679921383154817045, guid: 8ad0f0d58204649449bf894e75d61f4f,
        type: 3}
      propertyPath: m_LocalRotation.x
      value: -0
      objectReference: {fileID: 0}
    - target: {fileID: -8679921383154817045, guid: 8ad0f0d58204649449bf894e75d61f4f,
        type: 3}
      propertyPath: m_LocalRotation.y
      value: -0
      objectReference: {fileID: 0}
    - target: {fileID: -8679921383154817045, guid: 8ad0f0d58204649449bf894e75d61f4f,
        type: 3}
      propertyPath: m_LocalRotation.z
      value: -0
      objectReference: {fileID: 0}
    - target: {fileID: -8679921383154817045, guid: 8ad0f0d58204649449bf894e75d61f4f,
        type: 3}
      propertyPath: m_LocalRotation.w
      value: 1
      objectReference: {fileID: 0}
    - target: {fileID: -8679921383154817045, guid: 8ad0f0d58204649449bf894e75d61f4f,
        type: 3}
      propertyPath: m_RootOrder
      value: 0
      objectReference: {fileID: 0}
    - target: {fileID: -8679921383154817045, guid: 8ad0f0d58204649449bf894e75d61f4f,
        type: 3}
      propertyPath: m_LocalEulerAnglesHint.x
      value: 0
      objectReference: {fileID: 0}
    - target: {fileID: -8679921383154817045, guid: 8ad0f0d58204649449bf894e75d61f4f,
        type: 3}
      propertyPath: m_LocalEulerAnglesHint.y
      value: 0
      objectReference: {fileID: 0}
    - target: {fileID: -8679921383154817045, guid: 8ad0f0d58204649449bf894e75d61f4f,
        type: 3}
      propertyPath: m_LocalEulerAnglesHint.z
      value: 0
      objectReference: {fileID: 0}
    - target: {fileID: 919132149155446097, guid: 8ad0f0d58204649449bf894e75d61f4f,
        type: 3}
      propertyPath: m_Name
      value: trap_spikes
      objectReference: {fileID: 0}
    - target: {fileID: 919132149155446097, guid: 8ad0f0d58204649449bf894e75d61f4f,
        type: 3}
      propertyPath: m_StaticEditorFlags
      value: 4294967295
      objectReference: {fileID: 0}
    - target: {fileID: 5927778277877900322, guid: 8ad0f0d58204649449bf894e75d61f4f,
        type: 3}
      propertyPath: m_Materials.Array.data[0]
      value: 
      objectReference: {fileID: 2100000, guid: 6fb03d63f1996eb49a38c78a22c743d1, type: 2}
    - target: {fileID: 7696579325078647064, guid: 8ad0f0d58204649449bf894e75d61f4f,
        type: 3}
      propertyPath: m_StaticEditorFlags
      value: 4294967295
      objectReference: {fileID: 0}
    m_RemovedComponents: []
  m_SourcePrefab: {fileID: 100100000, guid: 8ad0f0d58204649449bf894e75d61f4f, type: 3}
--- !u!4 &8291452565467460993 stripped
Transform:
  m_CorrespondingSourceObject: {fileID: -8679921383154817045, guid: 8ad0f0d58204649449bf894e75d61f4f,
    type: 3}
  m_PrefabInstance: {fileID: 8402469306231493226}
  m_PrefabAsset: {fileID: 0}
--- !u!1 &2185423735176078194 stripped
GameObject:
  m_CorrespondingSourceObject: {fileID: 7696579325078647064, guid: 8ad0f0d58204649449bf894e75d61f4f,
    type: 3}
  m_PrefabInstance: {fileID: 8402469306231493226}
  m_PrefabAsset: {fileID: 0}
