%YAML 1.1
%TAG !u! tag:unity3d.com,2011:
--- !u!1 &971515716690908244
GameObject:
  m_ObjectHideFlags: 0
  m_CorrespondingSourceObject: {fileID: 0}
  m_PrefabInstance: {fileID: 0}
  m_PrefabAsset: {fileID: 0}
  serializedVersion: 6
  m_Component:
  - component: {fileID: 3692264554570540152}
  m_Layer: 0
  m_Name: tile_dungeon_single_elbow_down
  m_TagString: Untagged
  m_Icon: {fileID: 0}
  m_NavMeshLayer: 0
  m_StaticEditorFlags: 0
  m_IsActive: 1
--- !u!4 &3692264554570540152
Transform:
  m_ObjectHideFlags: 0
  m_CorrespondingSourceObject: {fileID: 0}
  m_PrefabInstance: {fileID: 0}
  m_PrefabAsset: {fileID: 0}
  m_GameObject: {fileID: 971515716690908244}
  m_LocalRotation: {x: 0, y: 0, z: 0, w: 1}
  m_LocalPosition: {x: 0, y: 0, z: 0}
  m_LocalScale: {x: 1, y: 1, z: 1}
  m_Children:
  - {fileID: 5238066761645920957}
  - {fileID: 51640062988572357}
  - {fileID: 5372757789847989460}
  - {fileID: 2003345165125211987}
  - {fileID: 6386061765172648771}
  m_Father: {fileID: 0}
  m_RootOrder: 0
  m_LocalEulerAnglesHint: {x: 0, y: 0, z: 0}
--- !u!64 &1155697869977352030
MeshCollider:
  m_ObjectHideFlags: 0
  m_CorrespondingSourceObject: {fileID: 0}
  m_PrefabInstance: {fileID: 0}
  m_PrefabAsset: {fileID: 0}
  m_GameObject: {fileID: 1040904619031153957}
  m_Material: {fileID: 0}
  m_IsTrigger: 0
  m_Enabled: 1
  serializedVersion: 4
  m_Convex: 0
  m_CookingOptions: 30
  m_Mesh: {fileID: 6051673753863911058, guid: 7f3621bc633e705418b7844733ff6b86, type: 3}
--- !u!64 &8820988455801125297
MeshCollider:
  m_ObjectHideFlags: 0
  m_CorrespondingSourceObject: {fileID: 0}
  m_PrefabInstance: {fileID: 0}
  m_PrefabAsset: {fileID: 0}
  m_GameObject: {fileID: 1053295316791333032}
  m_Material: {fileID: 0}
  m_IsTrigger: 0
  m_Enabled: 1
  serializedVersion: 4
  m_Convex: 0
  m_CookingOptions: 30
  m_Mesh: {fileID: 162844212351455208, guid: 7f3621bc633e705418b7844733ff6b86, type: 3}
--- !u!64 &7959458065958021691
MeshCollider:
  m_ObjectHideFlags: 0
  m_CorrespondingSourceObject: {fileID: 0}
  m_PrefabInstance: {fileID: 0}
  m_PrefabAsset: {fileID: 0}
  m_GameObject: {fileID: 1211559508190295657}
  m_Material: {fileID: 0}
  m_IsTrigger: 0
  m_Enabled: 1
  serializedVersion: 4
  m_Convex: 0
  m_CookingOptions: 30
  m_Mesh: {fileID: 3935739847846262964, guid: 7f3621bc633e705418b7844733ff6b86, type: 3}
--- !u!64 &7248426829183618992
MeshCollider:
  m_ObjectHideFlags: 0
  m_CorrespondingSourceObject: {fileID: 0}
  m_PrefabInstance: {fileID: 0}
  m_PrefabAsset: {fileID: 0}
  m_GameObject: {fileID: 2997431055250515262}
  m_Material: {fileID: 0}
  m_IsTrigger: 0
  m_Enabled: 1
  serializedVersion: 4
  m_Convex: 0
  m_CookingOptions: 30
  m_Mesh: {fileID: -774654374683504112, guid: 7f3621bc633e705418b7844733ff6b86, type: 3}
--- !u!64 &8854393785371548092
MeshCollider:
  m_ObjectHideFlags: 0
  m_CorrespondingSourceObject: {fileID: 0}
  m_PrefabInstance: {fileID: 0}
  m_PrefabAsset: {fileID: 0}
  m_GameObject: {fileID: 6257409190951928232}
  m_Material: {fileID: 0}
  m_IsTrigger: 0
  m_Enabled: 1
  serializedVersion: 4
  m_Convex: 0
  m_CookingOptions: 30
  m_Mesh: {fileID: -1163437044121563840, guid: 7f3621bc633e705418b7844733ff6b86, type: 3}
--- !u!64 &1619193939560730208
MeshCollider:
  m_ObjectHideFlags: 0
  m_CorrespondingSourceObject: {fileID: 0}
  m_PrefabInstance: {fileID: 0}
  m_PrefabAsset: {fileID: 0}
  m_GameObject: {fileID: 6331555153090469839}
  m_Material: {fileID: 0}
  m_IsTrigger: 0
  m_Enabled: 1
  serializedVersion: 4
  m_Convex: 0
  m_CookingOptions: 30
  m_Mesh: {fileID: -1184664561439471018, guid: 7f3621bc633e705418b7844733ff6b86, type: 3}
--- !u!1001 &3373449945733970640
PrefabInstance:
  m_ObjectHideFlags: 0
  serializedVersion: 2
  m_Modification:
    m_TransformParent: {fileID: 3692264554570540152}
    m_Modifications:
    - target: {fileID: 2735669416405377675, guid: 04ce9c606333b674381deb48f233a277,
        type: 3}
      propertyPath: isVertical
      value: 1
      objectReference: {fileID: 0}
    - target: {fileID: 3827401120674770307, guid: 04ce9c606333b674381deb48f233a277,
        type: 3}
      propertyPath: m_LocalPosition.x
      value: 0.5
      objectReference: {fileID: 0}
    - target: {fileID: 3827401120674770307, guid: 04ce9c606333b674381deb48f233a277,
        type: 3}
      propertyPath: m_LocalPosition.y
      value: -3.5
      objectReference: {fileID: 0}
    - target: {fileID: 3827401120674770307, guid: 04ce9c606333b674381deb48f233a277,
        type: 3}
      propertyPath: m_LocalPosition.z
      value: 0
      objectReference: {fileID: 0}
    - target: {fileID: 3827401120674770307, guid: 04ce9c606333b674381deb48f233a277,
        type: 3}
      propertyPath: m_LocalRotation.x
      value: 0.70710677
      objectReference: {fileID: 0}
    - target: {fileID: 3827401120674770307, guid: 04ce9c606333b674381deb48f233a277,
        type: 3}
      propertyPath: m_LocalRotation.y
      value: -0
      objectReference: {fileID: 0}
    - target: {fileID: 3827401120674770307, guid: 04ce9c606333b674381deb48f233a277,
        type: 3}
      propertyPath: m_LocalRotation.z
      value: -0
      objectReference: {fileID: 0}
    - target: {fileID: 3827401120674770307, guid: 04ce9c606333b674381deb48f233a277,
        type: 3}
      propertyPath: m_LocalRotation.w
      value: 0.7071068
      objectReference: {fileID: 0}
    - target: {fileID: 3827401120674770307, guid: 04ce9c606333b674381deb48f233a277,
        type: 3}
      propertyPath: m_RootOrder
      value: 3
      objectReference: {fileID: 0}
    - target: {fileID: 3827401120674770307, guid: 04ce9c606333b674381deb48f233a277,
        type: 3}
      propertyPath: m_LocalEulerAnglesHint.x
      value: 90.00001
      objectReference: {fileID: 0}
    - target: {fileID: 3827401120674770307, guid: 04ce9c606333b674381deb48f233a277,
        type: 3}
      propertyPath: m_LocalEulerAnglesHint.y
      value: 0
      objectReference: {fileID: 0}
    - target: {fileID: 3827401120674770307, guid: 04ce9c606333b674381deb48f233a277,
        type: 3}
      propertyPath: m_LocalEulerAnglesHint.z
      value: 0
      objectReference: {fileID: 0}
    - target: {fileID: 8935671478945291720, guid: 04ce9c606333b674381deb48f233a277,
        type: 3}
      propertyPath: m_Name
      value: Pathway (1)
      objectReference: {fileID: 0}
    m_RemovedComponents: []
  m_SourcePrefab: {fileID: 100100000, guid: 04ce9c606333b674381deb48f233a277, type: 3}
--- !u!4 &2003345165125211987 stripped
Transform:
  m_CorrespondingSourceObject: {fileID: 3827401120674770307, guid: 04ce9c606333b674381deb48f233a277,
    type: 3}
  m_PrefabInstance: {fileID: 3373449945733970640}
  m_PrefabAsset: {fileID: 0}
--- !u!114 &803868401015887963 stripped
MonoBehaviour:
  m_CorrespondingSourceObject: {fileID: 2735669416405377675, guid: 04ce9c606333b674381deb48f233a277,
    type: 3}
  m_PrefabInstance: {fileID: 3373449945733970640}
  m_PrefabAsset: {fileID: 0}
  m_GameObject: {fileID: 0}
  m_Enabled: 1
  m_EditorHideFlags: 0
  m_Script: {fileID: 11500000, guid: dd60658e6871a844788f7768b8dd9a51, type: 3}
  m_Name: 
  m_EditorClassIdentifier: 
--- !u!1001 &5709403839742014806
PrefabInstance:
  m_ObjectHideFlags: 0
  serializedVersion: 2
  m_Modification:
    m_TransformParent: {fileID: 3692264554570540152}
    m_Modifications:
    - target: {fileID: -8679921383154817045, guid: 7f3621bc633e705418b7844733ff6b86,
        type: 3}
      propertyPath: m_LocalPosition.x
      value: 0
      objectReference: {fileID: 0}
    - target: {fileID: -8679921383154817045, guid: 7f3621bc633e705418b7844733ff6b86,
        type: 3}
      propertyPath: m_LocalPosition.y
      value: 0
      objectReference: {fileID: 0}
    - target: {fileID: -8679921383154817045, guid: 7f3621bc633e705418b7844733ff6b86,
        type: 3}
      propertyPath: m_LocalPosition.z
      value: 0
      objectReference: {fileID: 0}
    - target: {fileID: -8679921383154817045, guid: 7f3621bc633e705418b7844733ff6b86,
        type: 3}
      propertyPath: m_LocalRotation.x
      value: -0
      objectReference: {fileID: 0}
    - target: {fileID: -8679921383154817045, guid: 7f3621bc633e705418b7844733ff6b86,
        type: 3}
      propertyPath: m_LocalRotation.y
      value: -0
      objectReference: {fileID: 0}
    - target: {fileID: -8679921383154817045, guid: 7f3621bc633e705418b7844733ff6b86,
        type: 3}
      propertyPath: m_LocalRotation.z
      value: -0
      objectReference: {fileID: 0}
    - target: {fileID: -8679921383154817045, guid: 7f3621bc633e705418b7844733ff6b86,
        type: 3}
      propertyPath: m_LocalRotation.w
      value: 1
      objectReference: {fileID: 0}
    - target: {fileID: -8679921383154817045, guid: 7f3621bc633e705418b7844733ff6b86,
        type: 3}
      propertyPath: m_RootOrder
      value: 0
      objectReference: {fileID: 0}
    - target: {fileID: -8679921383154817045, guid: 7f3621bc633e705418b7844733ff6b86,
        type: 3}
      propertyPath: m_LocalEulerAnglesHint.x
      value: 0
      objectReference: {fileID: 0}
    - target: {fileID: -8679921383154817045, guid: 7f3621bc633e705418b7844733ff6b86,
        type: 3}
      propertyPath: m_LocalEulerAnglesHint.y
      value: 0
      objectReference: {fileID: 0}
    - target: {fileID: -8679921383154817045, guid: 7f3621bc633e705418b7844733ff6b86,
        type: 3}
      propertyPath: m_LocalEulerAnglesHint.z
      value: 0
      objectReference: {fileID: 0}
    - target: {fileID: -7623036707942491181, guid: 7f3621bc633e705418b7844733ff6b86,
        type: 3}
      propertyPath: m_CastShadows
      value: 2
      objectReference: {fileID: 0}
    - target: {fileID: -7623036707942491181, guid: 7f3621bc633e705418b7844733ff6b86,
        type: 3}
      propertyPath: m_Materials.Array.data[0]
      value: 
      objectReference: {fileID: 2100000, guid: 43a87c050510cf74ca453f7e821975a3, type: 2}
    - target: {fileID: -7429299637567968615, guid: 7f3621bc633e705418b7844733ff6b86,
        type: 3}
      propertyPath: m_StaticEditorFlags
      value: 4294967295
      objectReference: {fileID: 0}
    - target: {fileID: -7355178586906118914, guid: 7f3621bc633e705418b7844733ff6b86,
        type: 3}
      propertyPath: m_StaticEditorFlags
      value: 4294967295
      objectReference: {fileID: 0}
    - target: {fileID: -5725776556024759878, guid: 7f3621bc633e705418b7844733ff6b86,
        type: 3}
      propertyPath: m_CastShadows
      value: 2
      objectReference: {fileID: 0}
    - target: {fileID: -5725776556024759878, guid: 7f3621bc633e705418b7844733ff6b86,
        type: 3}
      propertyPath: m_Materials.Array.data[0]
      value: 
      objectReference: {fileID: 2100000, guid: ece60a240cb98a742810303f1afb24e6, type: 2}
    - target: {fileID: -4492923333159098882, guid: 7f3621bc633e705418b7844733ff6b86,
        type: 3}
      propertyPath: m_StaticEditorFlags
      value: 4294967295
      objectReference: {fileID: 0}
    - target: {fileID: -3920857653303099420, guid: 7f3621bc633e705418b7844733ff6b86,
        type: 3}
      propertyPath: m_CastShadows
      value: 2
      objectReference: {fileID: 0}
    - target: {fileID: -3920857653303099420, guid: 7f3621bc633e705418b7844733ff6b86,
        type: 3}
      propertyPath: m_Materials.Array.data[0]
      value: 
      objectReference: {fileID: 2100000, guid: 43a87c050510cf74ca453f7e821975a3, type: 2}
    - target: {fileID: 919132149155446097, guid: 7f3621bc633e705418b7844733ff6b86,
        type: 3}
      propertyPath: m_Name
      value: tile_single_elbow_down
      objectReference: {fileID: 0}
    - target: {fileID: 919132149155446097, guid: 7f3621bc633e705418b7844733ff6b86,
        type: 3}
      propertyPath: m_StaticEditorFlags
      value: 4294967295
      objectReference: {fileID: 0}
    - target: {fileID: 2114508524772453319, guid: 7f3621bc633e705418b7844733ff6b86,
        type: 3}
      propertyPath: m_CastShadows
      value: 2
      objectReference: {fileID: 0}
    - target: {fileID: 2114508524772453319, guid: 7f3621bc633e705418b7844733ff6b86,
        type: 3}
      propertyPath: m_Materials.Array.data[0]
      value: 
      objectReference: {fileID: 2100000, guid: 43a87c050510cf74ca453f7e821975a3, type: 2}
    - target: {fileID: 2327256099991206626, guid: 7f3621bc633e705418b7844733ff6b86,
        type: 3}
      propertyPath: m_CastShadows
      value: 2
      objectReference: {fileID: 0}
    - target: {fileID: 2327256099991206626, guid: 7f3621bc633e705418b7844733ff6b86,
        type: 3}
      propertyPath: m_Materials.Array.data[0]
      value: 
      objectReference: {fileID: 2100000, guid: 32e0826440317b3489dac600e835663c, type: 2}
    - target: {fileID: 4704548256032012403, guid: 7f3621bc633e705418b7844733ff6b86,
        type: 3}
      propertyPath: m_StaticEditorFlags
      value: 4294967295
      objectReference: {fileID: 0}
    - target: {fileID: 6608263472099925275, guid: 7f3621bc633e705418b7844733ff6b86,
        type: 3}
      propertyPath: m_CastShadows
      value: 2
      objectReference: {fileID: 0}
    - target: {fileID: 6608263472099925275, guid: 7f3621bc633e705418b7844733ff6b86,
        type: 3}
      propertyPath: m_Materials.Array.data[0]
      value: 
      objectReference: {fileID: 2100000, guid: 32e0826440317b3489dac600e835663c, type: 2}
    - target: {fileID: 6911814311643906879, guid: 7f3621bc633e705418b7844733ff6b86,
        type: 3}
      propertyPath: m_StaticEditorFlags
      value: 4294967295
      objectReference: {fileID: 0}
    - target: {fileID: 7395723277659574376, guid: 7f3621bc633e705418b7844733ff6b86,
        type: 3}
      propertyPath: m_StaticEditorFlags
      value: 4294967295
      objectReference: {fileID: 0}
    m_RemovedComponents: []
  m_SourcePrefab: {fileID: 100100000, guid: 7f3621bc633e705418b7844733ff6b86, type: 3}
--- !u!4 &5238066761645920957 stripped
Transform:
  m_CorrespondingSourceObject: {fileID: -8679921383154817045, guid: 7f3621bc633e705418b7844733ff6b86,
    type: 3}
  m_PrefabInstance: {fileID: 5709403839742014806}
  m_PrefabAsset: {fileID: 0}
--- !u!1 &6331555153090469839 stripped
GameObject:
  m_CorrespondingSourceObject: {fileID: -7429299637567968615, guid: 7f3621bc633e705418b7844733ff6b86,
    type: 3}
  m_PrefabInstance: {fileID: 5709403839742014806}
  m_PrefabAsset: {fileID: 0}
--- !u!1 &6257409190951928232 stripped
GameObject:
  m_CorrespondingSourceObject: {fileID: -7355178586906118914, guid: 7f3621bc633e705418b7844733ff6b86,
    type: 3}
  m_PrefabInstance: {fileID: 5709403839742014806}
  m_PrefabAsset: {fileID: 0}
--- !u!1 &2997431055250515262 stripped
GameObject:
  m_CorrespondingSourceObject: {fileID: 7395723277659574376, guid: 7f3621bc633e705418b7844733ff6b86,
    type: 3}
  m_PrefabInstance: {fileID: 5709403839742014806}
  m_PrefabAsset: {fileID: 0}
--- !u!1 &1211559508190295657 stripped
GameObject:
  m_CorrespondingSourceObject: {fileID: 6911814311643906879, guid: 7f3621bc633e705418b7844733ff6b86,
    type: 3}
  m_PrefabInstance: {fileID: 5709403839742014806}
  m_PrefabAsset: {fileID: 0}
--- !u!1 &1053295316791333032 stripped
GameObject:
  m_CorrespondingSourceObject: {fileID: -4492923333159098882, guid: 7f3621bc633e705418b7844733ff6b86,
    type: 3}
  m_PrefabInstance: {fileID: 5709403839742014806}
  m_PrefabAsset: {fileID: 0}
--- !u!1 &1040904619031153957 stripped
GameObject:
  m_CorrespondingSourceObject: {fileID: 4704548256032012403, guid: 7f3621bc633e705418b7844733ff6b86,
    type: 3}
  m_PrefabInstance: {fileID: 5709403839742014806}
  m_PrefabAsset: {fileID: 0}
--- !u!1001 &6342360570080356623
PrefabInstance:
  m_ObjectHideFlags: 0
  serializedVersion: 2
  m_Modification:
    m_TransformParent: {fileID: 3692264554570540152}
    m_Modifications:
    - target: {fileID: 487243255437973317, guid: 740648b0b996ba148a76e0d9b869fb16,
        type: 3}
      propertyPath: m_Size.x
      value: 8
      objectReference: {fileID: 0}
    - target: {fileID: 487243255437973317, guid: 740648b0b996ba148a76e0d9b869fb16,
        type: 3}
      propertyPath: m_Size.y
      value: 8
      objectReference: {fileID: 0}
    - target: {fileID: 487243255437973317, guid: 740648b0b996ba148a76e0d9b869fb16,
        type: 3}
      propertyPath: m_Size.z
      value: 8
      objectReference: {fileID: 0}
    - target: {fileID: 487243255437973317, guid: 740648b0b996ba148a76e0d9b869fb16,
        type: 3}
      propertyPath: m_Center.x
      value: 0.5
      objectReference: {fileID: 0}
    - target: {fileID: 487243255437973317, guid: 740648b0b996ba148a76e0d9b869fb16,
        type: 3}
      propertyPath: m_Center.y
      value: 0.5
      objectReference: {fileID: 0}
    - target: {fileID: 1417693665624029033, guid: 740648b0b996ba148a76e0d9b869fb16,
        type: 3}
      propertyPath: m_Name
      value: Area Data
      objectReference: {fileID: 0}
    - target: {fileID: 4268913019039595364, guid: 740648b0b996ba148a76e0d9b869fb16,
        type: 3}
      propertyPath: pathWays.Array.size
      value: 2
      objectReference: {fileID: 0}
    - target: {fileID: 4268913019039595364, guid: 740648b0b996ba148a76e0d9b869fb16,
        type: 3}
      propertyPath: rootObj
      value: 
      objectReference: {fileID: 3692264554570540152}
    - target: {fileID: 4268913019039595364, guid: 740648b0b996ba148a76e0d9b869fb16,
        type: 3}
      propertyPath: pathWays.Array.data[0]
      value: 
      objectReference: {fileID: 6513748101485061084}
    - target: {fileID: 4268913019039595364, guid: 740648b0b996ba148a76e0d9b869fb16,
        type: 3}
      propertyPath: pathWays.Array.data[1]
      value: 
      objectReference: {fileID: 803868401015887963}
    - target: {fileID: 6391699724059656138, guid: 740648b0b996ba148a76e0d9b869fb16,
        type: 3}
      propertyPath: m_LocalPosition.x
      value: 0
      objectReference: {fileID: 0}
    - target: {fileID: 6391699724059656138, guid: 740648b0b996ba148a76e0d9b869fb16,
        type: 3}
      propertyPath: m_LocalPosition.y
      value: 0
      objectReference: {fileID: 0}
    - target: {fileID: 6391699724059656138, guid: 740648b0b996ba148a76e0d9b869fb16,
        type: 3}
      propertyPath: m_LocalPosition.z
      value: 0
      objectReference: {fileID: 0}
    - target: {fileID: 6391699724059656138, guid: 740648b0b996ba148a76e0d9b869fb16,
        type: 3}
      propertyPath: m_LocalRotation.x
      value: -0
      objectReference: {fileID: 0}
    - target: {fileID: 6391699724059656138, guid: 740648b0b996ba148a76e0d9b869fb16,
        type: 3}
      propertyPath: m_LocalRotation.y
      value: -0
      objectReference: {fileID: 0}
    - target: {fileID: 6391699724059656138, guid: 740648b0b996ba148a76e0d9b869fb16,
        type: 3}
      propertyPath: m_LocalRotation.z
      value: -0
      objectReference: {fileID: 0}
    - target: {fileID: 6391699724059656138, guid: 740648b0b996ba148a76e0d9b869fb16,
        type: 3}
      propertyPath: m_LocalRotation.w
      value: 1
      objectReference: {fileID: 0}
    - target: {fileID: 6391699724059656138, guid: 740648b0b996ba148a76e0d9b869fb16,
        type: 3}
      propertyPath: m_RootOrder
      value: 1
      objectReference: {fileID: 0}
    - target: {fileID: 6391699724059656138, guid: 740648b0b996ba148a76e0d9b869fb16,
        type: 3}
      propertyPath: m_LocalEulerAnglesHint.x
      value: 0
      objectReference: {fileID: 0}
    - target: {fileID: 6391699724059656138, guid: 740648b0b996ba148a76e0d9b869fb16,
        type: 3}
      propertyPath: m_LocalEulerAnglesHint.y
      value: 0
      objectReference: {fileID: 0}
    - target: {fileID: 6391699724059656138, guid: 740648b0b996ba148a76e0d9b869fb16,
        type: 3}
      propertyPath: m_LocalEulerAnglesHint.z
      value: 0
      objectReference: {fileID: 0}
    m_RemovedComponents: []
  m_SourcePrefab: {fileID: 100100000, guid: 740648b0b996ba148a76e0d9b869fb16, type: 3}
--- !u!4 &51640062988572357 stripped
Transform:
  m_CorrespondingSourceObject: {fileID: 6391699724059656138, guid: 740648b0b996ba148a76e0d9b869fb16,
    type: 3}
  m_PrefabInstance: {fileID: 6342360570080356623}
  m_PrefabAsset: {fileID: 0}
--- !u!1001 &7822607677442464032
PrefabInstance:
  m_ObjectHideFlags: 0
  serializedVersion: 2
  m_Modification:
    m_TransformParent: {fileID: 3692264554570540152}
    m_Modifications:
    - target: {fileID: 3751680371362775651, guid: bb3318df31e8aba4498df15ae81aa657,
        type: 3}
      propertyPath: m_LocalPosition.x
      value: 3.5
      objectReference: {fileID: 0}
    - target: {fileID: 3751680371362775651, guid: bb3318df31e8aba4498df15ae81aa657,
        type: 3}
      propertyPath: m_LocalPosition.y
      value: 0
      objectReference: {fileID: 0}
    - target: {fileID: 3751680371362775651, guid: bb3318df31e8aba4498df15ae81aa657,
        type: 3}
      propertyPath: m_LocalPosition.z
      value: 0
      objectReference: {fileID: 0}
    - target: {fileID: 3751680371362775651, guid: bb3318df31e8aba4498df15ae81aa657,
        type: 3}
      propertyPath: m_LocalRotation.x
      value: -0
      objectReference: {fileID: 0}
    - target: {fileID: 3751680371362775651, guid: bb3318df31e8aba4498df15ae81aa657,
        type: 3}
      propertyPath: m_LocalRotation.y
      value: -0.70710677
      objectReference: {fileID: 0}
    - target: {fileID: 3751680371362775651, guid: bb3318df31e8aba4498df15ae81aa657,
        type: 3}
      propertyPath: m_LocalRotation.z
      value: -0
      objectReference: {fileID: 0}
    - target: {fileID: 3751680371362775651, guid: bb3318df31e8aba4498df15ae81aa657,
        type: 3}
      propertyPath: m_LocalRotation.w
      value: 0.7071068
      objectReference: {fileID: 0}
    - target: {fileID: 3751680371362775651, guid: bb3318df31e8aba4498df15ae81aa657,
        type: 3}
      propertyPath: m_RootOrder
      value: 4
      objectReference: {fileID: 0}
    - target: {fileID: 3751680371362775651, guid: bb3318df31e8aba4498df15ae81aa657,
        type: 3}
      propertyPath: m_LocalEulerAnglesHint.x
      value: 0
      objectReference: {fileID: 0}
    - target: {fileID: 3751680371362775651, guid: bb3318df31e8aba4498df15ae81aa657,
        type: 3}
      propertyPath: m_LocalEulerAnglesHint.y
      value: -90
      objectReference: {fileID: 0}
    - target: {fileID: 3751680371362775651, guid: bb3318df31e8aba4498df15ae81aa657,
        type: 3}
      propertyPath: m_LocalEulerAnglesHint.z
      value: 0
      objectReference: {fileID: 0}
    - target: {fileID: 7540878468726180491, guid: bb3318df31e8aba4498df15ae81aa657,
        type: 3}
      propertyPath: m_Name
      value: deco_torch_small
      objectReference: {fileID: 0}
    m_RemovedComponents: []
  m_SourcePrefab: {fileID: 100100000, guid: bb3318df31e8aba4498df15ae81aa657, type: 3}
--- !u!4 &6386061765172648771 stripped
Transform:
  m_CorrespondingSourceObject: {fileID: 3751680371362775651, guid: bb3318df31e8aba4498df15ae81aa657,
    type: 3}
  m_PrefabInstance: {fileID: 7822607677442464032}
  m_PrefabAsset: {fileID: 0}
--- !u!1001 &9192541404844933463
PrefabInstance:
  m_ObjectHideFlags: 0
  serializedVersion: 2
  m_Modification:
    m_TransformParent: {fileID: 3692264554570540152}
    m_Modifications:
    - target: {fileID: 3827401120674770307, guid: 04ce9c606333b674381deb48f233a277,
        type: 3}
      propertyPath: m_LocalPosition.x
      value: -3.5
      objectReference: {fileID: 0}
    - target: {fileID: 3827401120674770307, guid: 04ce9c606333b674381deb48f233a277,
        type: 3}
      propertyPath: m_LocalPosition.y
      value: 0.5
      objectReference: {fileID: 0}
    - target: {fileID: 3827401120674770307, guid: 04ce9c606333b674381deb48f233a277,
        type: 3}
      propertyPath: m_LocalPosition.z
      value: 0
      objectReference: {fileID: 0}
    - target: {fileID: 3827401120674770307, guid: 04ce9c606333b674381deb48f233a277,
        type: 3}
      propertyPath: m_LocalRotation.x
      value: -0
      objectReference: {fileID: 0}
    - target: {fileID: 3827401120674770307, guid: 04ce9c606333b674381deb48f233a277,
        type: 3}
      propertyPath: m_LocalRotation.y
      value: -0.70710677
      objectReference: {fileID: 0}
    - target: {fileID: 3827401120674770307, guid: 04ce9c606333b674381deb48f233a277,
        type: 3}
      propertyPath: m_LocalRotation.z
      value: -0
      objectReference: {fileID: 0}
    - target: {fileID: 3827401120674770307, guid: 04ce9c606333b674381deb48f233a277,
        type: 3}
      propertyPath: m_LocalRotation.w
      value: 0.7071068
      objectReference: {fileID: 0}
    - target: {fileID: 3827401120674770307, guid: 04ce9c606333b674381deb48f233a277,
        type: 3}
      propertyPath: m_RootOrder
      value: 2
      objectReference: {fileID: 0}
    - target: {fileID: 3827401120674770307, guid: 04ce9c606333b674381deb48f233a277,
        type: 3}
      propertyPath: m_LocalEulerAnglesHint.x
      value: 0
      objectReference: {fileID: 0}
    - target: {fileID: 3827401120674770307, guid: 04ce9c606333b674381deb48f233a277,
        type: 3}
      propertyPath: m_LocalEulerAnglesHint.y
      value: -90.00001
      objectReference: {fileID: 0}
    - target: {fileID: 3827401120674770307, guid: 04ce9c606333b674381deb48f233a277,
        type: 3}
      propertyPath: m_LocalEulerAnglesHint.z
      value: 0
      objectReference: {fileID: 0}
    - target: {fileID: 8935671478945291720, guid: 04ce9c606333b674381deb48f233a277,
        type: 3}
      propertyPath: m_Name
      value: Pathway
      objectReference: {fileID: 0}
    m_RemovedComponents: []
  m_SourcePrefab: {fileID: 100100000, guid: 04ce9c606333b674381deb48f233a277, type: 3}
--- !u!4 &5372757789847989460 stripped
Transform:
  m_CorrespondingSourceObject: {fileID: 3827401120674770307, guid: 04ce9c606333b674381deb48f233a277,
    type: 3}
  m_PrefabInstance: {fileID: 9192541404844933463}
  m_PrefabAsset: {fileID: 0}
--- !u!114 &6513748101485061084 stripped
MonoBehaviour:
  m_CorrespondingSourceObject: {fileID: 2735669416405377675, guid: 04ce9c606333b674381deb48f233a277,
    type: 3}
  m_PrefabInstance: {fileID: 9192541404844933463}
  m_PrefabAsset: {fileID: 0}
  m_GameObject: {fileID: 0}
  m_Enabled: 1
  m_EditorHideFlags: 0
  m_Script: {fileID: 11500000, guid: dd60658e6871a844788f7768b8dd9a51, type: 3}
  m_Name: 
  m_EditorClassIdentifier: 
