%YAML 1.1
%TAG !u! tag:unity3d.com,2011:
--- !u!64 &4866045135364531143
MeshCollider:
  m_ObjectHideFlags: 0
  m_CorrespondingSourceObject: {fileID: 0}
  m_PrefabInstance: {fileID: 0}
  m_PrefabAsset: {fileID: 0}
  m_GameObject: {fileID: 3118571520439740181}
  m_Material: {fileID: 0}
  m_IsTrigger: 0
  m_Enabled: 1
  serializedVersion: 4
  m_Convex: 0
  m_CookingOptions: 30
  m_Mesh: {fileID: 825659679564335682, guid: 48ca32b2ef0777f49890693a9d62a261, type: 3}
--- !u!64 &392440149629235714
MeshCollider:
  m_ObjectHideFlags: 0
  m_CorrespondingSourceObject: {fileID: 0}
  m_PrefabInstance: {fileID: 0}
  m_PrefabAsset: {fileID: 0}
  m_GameObject: {fileID: 3246460114596849777}
  m_Material: {fileID: 0}
  m_IsTrigger: 0
  m_Enabled: 1
  serializedVersion: 4
  m_Convex: 0
  m_CookingOptions: 30
  m_Mesh: {fileID: -7149423070201305675, guid: 48ca32b2ef0777f49890693a9d62a261, type: 3}
--- !u!64 &2415687433837659264
MeshCollider:
  m_ObjectHideFlags: 0
  m_CorrespondingSourceObject: {fileID: 0}
  m_PrefabInstance: {fileID: 0}
  m_PrefabAsset: {fileID: 0}
  m_GameObject: {fileID: 5163132810146258208}
  m_Material: {fileID: 0}
  m_IsTrigger: 0
  m_Enabled: 1
  serializedVersion: 4
  m_Convex: 0
  m_CookingOptions: 30
  m_Mesh: {fileID: -7332309683203367946, guid: 48ca32b2ef0777f49890693a9d62a261, type: 3}
--- !u!64 &9141400611930860247
MeshCollider:
  m_ObjectHideFlags: 0
  m_CorrespondingSourceObject: {fileID: 0}
  m_PrefabInstance: {fileID: 0}
  m_PrefabAsset: {fileID: 0}
  m_GameObject: {fileID: 7199466633773796794}
  m_Material: {fileID: 0}
  m_IsTrigger: 0
  m_Enabled: 1
  serializedVersion: 4
  m_Convex: 0
  m_CookingOptions: 30
  m_Mesh: {fileID: -4009262187997422887, guid: 48ca32b2ef0777f49890693a9d62a261, type: 3}
--- !u!1 &8525211041070294493
GameObject:
  m_ObjectHideFlags: 0
  m_CorrespondingSourceObject: {fileID: 0}
  m_PrefabInstance: {fileID: 0}
  m_PrefabAsset: {fileID: 0}
  serializedVersion: 6
  m_Component:
  - component: {fileID: 5473362715741580327}
  m_Layer: 0
  m_Name: tile_dungeon_deco_corner_ramp
  m_TagString: Untagged
  m_Icon: {fileID: 0}
  m_NavMeshLayer: 0
  m_StaticEditorFlags: 0
  m_IsActive: 1
--- !u!4 &5473362715741580327
Transform:
  m_ObjectHideFlags: 0
  m_CorrespondingSourceObject: {fileID: 0}
  m_PrefabInstance: {fileID: 0}
  m_PrefabAsset: {fileID: 0}
  m_GameObject: {fileID: 8525211041070294493}
  m_LocalRotation: {x: -0, y: -0, z: -0, w: 1}
  m_LocalPosition: {x: 0, y: 0, z: 0}
  m_LocalScale: {x: 1, y: 1, z: 1}
  m_Children:
  - {fileID: 2756138107655587870}
  m_Father: {fileID: 0}
  m_RootOrder: 0
  m_LocalEulerAnglesHint: {x: 0, y: 0, z: 0}
--- !u!1001 &2428984449879764981
PrefabInstance:
  m_ObjectHideFlags: 0
  serializedVersion: 2
  m_Modification:
    m_TransformParent: {fileID: 5473362715741580327}
    m_Modifications:
    - target: {fileID: -8679921383154817045, guid: 48ca32b2ef0777f49890693a9d62a261,
        type: 3}
      propertyPath: m_LocalPosition.x
      value: 0
      objectReference: {fileID: 0}
    - target: {fileID: -8679921383154817045, guid: 48ca32b2ef0777f49890693a9d62a261,
        type: 3}
      propertyPath: m_LocalPosition.y
      value: 0
      objectReference: {fileID: 0}
    - target: {fileID: -8679921383154817045, guid: 48ca32b2ef0777f49890693a9d62a261,
        type: 3}
      propertyPath: m_LocalPosition.z
      value: 0
      objectReference: {fileID: 0}
    - target: {fileID: -8679921383154817045, guid: 48ca32b2ef0777f49890693a9d62a261,
        type: 3}
      propertyPath: m_LocalRotation.x
      value: -0
      objectReference: {fileID: 0}
    - target: {fileID: -8679921383154817045, guid: 48ca32b2ef0777f49890693a9d62a261,
        type: 3}
      propertyPath: m_LocalRotation.y
      value: -0
      objectReference: {fileID: 0}
    - target: {fileID: -8679921383154817045, guid: 48ca32b2ef0777f49890693a9d62a261,
        type: 3}
      propertyPath: m_LocalRotation.z
      value: -0
      objectReference: {fileID: 0}
    - target: {fileID: -8679921383154817045, guid: 48ca32b2ef0777f49890693a9d62a261,
        type: 3}
      propertyPath: m_LocalRotation.w
      value: 1
      objectReference: {fileID: 0}
    - target: {fileID: -8679921383154817045, guid: 48ca32b2ef0777f49890693a9d62a261,
        type: 3}
      propertyPath: m_RootOrder
      value: 0
      objectReference: {fileID: 0}
    - target: {fileID: -8679921383154817045, guid: 48ca32b2ef0777f49890693a9d62a261,
        type: 3}
      propertyPath: m_LocalEulerAnglesHint.x
      value: 0
      objectReference: {fileID: 0}
    - target: {fileID: -8679921383154817045, guid: 48ca32b2ef0777f49890693a9d62a261,
        type: 3}
      propertyPath: m_LocalEulerAnglesHint.y
      value: 0
      objectReference: {fileID: 0}
    - target: {fileID: -8679921383154817045, guid: 48ca32b2ef0777f49890693a9d62a261,
        type: 3}
      propertyPath: m_LocalEulerAnglesHint.z
      value: 0
      objectReference: {fileID: 0}
    - target: {fileID: -8306675954294257788, guid: 48ca32b2ef0777f49890693a9d62a261,
        type: 3}
      propertyPath: m_StaticEditorFlags
      value: 4294967295
      objectReference: {fileID: 0}
    - target: {fileID: -4441436819080699313, guid: 48ca32b2ef0777f49890693a9d62a261,
        type: 3}
      propertyPath: m_StaticEditorFlags
      value: 4294967295
      objectReference: {fileID: 0}
    - target: {fileID: -2729171843029121796, guid: 48ca32b2ef0777f49890693a9d62a261,
        type: 3}
      propertyPath: m_Materials.Array.data[0]
      value: 
      objectReference: {fileID: 2100000, guid: 32e0826440317b3489dac600e835663c, type: 2}
    - target: {fileID: -2396034820429210050, guid: 48ca32b2ef0777f49890693a9d62a261,
        type: 3}
      propertyPath: m_Materials.Array.data[0]
      value: 
      objectReference: {fileID: 2100000, guid: 7bed62a4f14ac4740a8963024fe99d8d, type: 2}
    - target: {fileID: 788719524386048224, guid: 48ca32b2ef0777f49890693a9d62a261,
        type: 3}
      propertyPath: m_StaticEditorFlags
      value: 4294967295
      objectReference: {fileID: 0}
    - target: {fileID: 795338889432688470, guid: 48ca32b2ef0777f49890693a9d62a261,
        type: 3}
      propertyPath: m_Materials.Array.data[0]
      value: 
      objectReference: {fileID: 2100000, guid: 43a87c050510cf74ca453f7e821975a3, type: 2}
    - target: {fileID: 919132149155446097, guid: 48ca32b2ef0777f49890693a9d62a261,
        type: 3}
      propertyPath: m_Name
      value: tile_deco_corner_ramp
      objectReference: {fileID: 0}
    - target: {fileID: 919132149155446097, guid: 48ca32b2ef0777f49890693a9d62a261,
        type: 3}
      propertyPath: m_StaticEditorFlags
      value: 4294967295
      objectReference: {fileID: 0}
    - target: {fileID: 7057789772751173651, guid: 48ca32b2ef0777f49890693a9d62a261,
        type: 3}
      propertyPath: m_Materials.Array.data[0]
      value: 
      objectReference: {fileID: 2100000, guid: ece60a240cb98a742810303f1afb24e6, type: 2}
    - target: {fileID: 7355044029822235349, guid: 48ca32b2ef0777f49890693a9d62a261,
        type: 3}
      propertyPath: m_StaticEditorFlags
      value: 4294967295
      objectReference: {fileID: 0}
    m_RemovedComponents: []
  m_SourcePrefab: {fileID: 100100000, guid: 48ca32b2ef0777f49890693a9d62a261, type: 3}
--- !u!4 &2756138107655587870 stripped
Transform:
  m_CorrespondingSourceObject: {fileID: -8679921383154817045, guid: 48ca32b2ef0777f49890693a9d62a261,
    type: 3}
  m_PrefabInstance: {fileID: 2428984449879764981}
  m_PrefabAsset: {fileID: 0}
--- !u!1 &3246460114596849777 stripped
GameObject:
  m_CorrespondingSourceObject: {fileID: -8306675954294257788, guid: 48ca32b2ef0777f49890693a9d62a261,
    type: 3}
  m_PrefabInstance: {fileID: 2428984449879764981}
  m_PrefabAsset: {fileID: 0}
--- !u!1 &3118571520439740181 stripped
GameObject:
  m_CorrespondingSourceObject: {fileID: 788719524386048224, guid: 48ca32b2ef0777f49890693a9d62a261,
    type: 3}
  m_PrefabInstance: {fileID: 2428984449879764981}
  m_PrefabAsset: {fileID: 0}
--- !u!1 &7199466633773796794 stripped
GameObject:
  m_CorrespondingSourceObject: {fileID: -4441436819080699313, guid: 48ca32b2ef0777f49890693a9d62a261,
    type: 3}
  m_PrefabInstance: {fileID: 2428984449879764981}
  m_PrefabAsset: {fileID: 0}
--- !u!1 &5163132810146258208 stripped
GameObject:
  m_CorrespondingSourceObject: {fileID: 7355044029822235349, guid: 48ca32b2ef0777f49890693a9d62a261,
    type: 3}
  m_PrefabInstance: {fileID: 2428984449879764981}
  m_PrefabAsset: {fileID: 0}
