%YAML 1.1
%TAG !u! tag:unity3d.com,2011:
--- !u!64 &327542725808300425
MeshCollider:
  m_ObjectHideFlags: 0
  m_CorrespondingSourceObject: {fileID: 0}
  m_PrefabInstance: {fileID: 0}
  m_PrefabAsset: {fileID: 0}
  m_GameObject: {fileID: 2188418263130338069}
  m_Material: {fileID: 0}
  m_IsTrigger: 0
  m_Enabled: 1
  serializedVersion: 4
  m_Convex: 0
  m_CookingOptions: 30
  m_Mesh: {fileID: -5333472322228711369, guid: cf0e70416c2204946954b71fb889e2d0, type: 3}
--- !u!64 &4921993907118618173
MeshCollider:
  m_ObjectHideFlags: 0
  m_CorrespondingSourceObject: {fileID: 0}
  m_PrefabInstance: {fileID: 0}
  m_PrefabAsset: {fileID: 0}
  m_GameObject: {fileID: 2804557880317903031}
  m_Material: {fileID: 0}
  m_IsTrigger: 0
  m_Enabled: 1
  serializedVersion: 4
  m_Convex: 0
  m_CookingOptions: 30
  m_Mesh: {fileID: 2222532320101738771, guid: cf0e70416c2204946954b71fb889e2d0, type: 3}
--- !u!64 &4560758769100130533
MeshCollider:
  m_ObjectHideFlags: 0
  m_CorrespondingSourceObject: {fileID: 0}
  m_PrefabInstance: {fileID: 0}
  m_PrefabAsset: {fileID: 0}
  m_GameObject: {fileID: 2809791389277954994}
  m_Material: {fileID: 0}
  m_IsTrigger: 0
  m_Enabled: 1
  serializedVersion: 4
  m_Convex: 0
  m_CookingOptions: 30
  m_Mesh: {fileID: 6163923807301160014, guid: cf0e70416c2204946954b71fb889e2d0, type: 3}
--- !u!64 &7607914091457141230
MeshCollider:
  m_ObjectHideFlags: 0
  m_CorrespondingSourceObject: {fileID: 0}
  m_PrefabInstance: {fileID: 0}
  m_PrefabAsset: {fileID: 0}
  m_GameObject: {fileID: 3392562029126202901}
  m_Material: {fileID: 0}
  m_IsTrigger: 0
  m_Enabled: 1
  serializedVersion: 4
  m_Convex: 0
  m_CookingOptions: 30
  m_Mesh: {fileID: -4467707555476533426, guid: cf0e70416c2204946954b71fb889e2d0, type: 3}
--- !u!64 &8238029943917712923
MeshCollider:
  m_ObjectHideFlags: 0
  m_CorrespondingSourceObject: {fileID: 0}
  m_PrefabInstance: {fileID: 0}
  m_PrefabAsset: {fileID: 0}
  m_GameObject: {fileID: 6538340279794233750}
  m_Material: {fileID: 0}
  m_IsTrigger: 0
  m_Enabled: 1
  serializedVersion: 4
  m_Convex: 0
  m_CookingOptions: 30
  m_Mesh: {fileID: 6860429218793853893, guid: cf0e70416c2204946954b71fb889e2d0, type: 3}
--- !u!1 &8624440399621605373
GameObject:
  m_ObjectHideFlags: 0
  m_CorrespondingSourceObject: {fileID: 0}
  m_PrefabInstance: {fileID: 0}
  m_PrefabAsset: {fileID: 0}
  serializedVersion: 6
  m_Component:
  - component: {fileID: 911705836018248261}
  m_Layer: 0
  m_Name: tile_dungeon_single_elbow
  m_TagString: Untagged
  m_Icon: {fileID: 0}
  m_NavMeshLayer: 0
  m_StaticEditorFlags: 0
  m_IsActive: 1
--- !u!4 &911705836018248261
Transform:
  m_ObjectHideFlags: 0
  m_CorrespondingSourceObject: {fileID: 0}
  m_PrefabInstance: {fileID: 0}
  m_PrefabAsset: {fileID: 0}
  m_GameObject: {fileID: 8624440399621605373}
  m_LocalRotation: {x: 0, y: 0, z: 0, w: 1}
  m_LocalPosition: {x: 0, y: 0, z: 0}
  m_LocalScale: {x: 1, y: 1, z: 1}
  m_Children:
  - {fileID: 3684237946525717382}
  - {fileID: 7620894715675729139}
  - {fileID: 311350072533072782}
  - {fileID: 5193700421878393810}
  m_Father: {fileID: 0}
  m_RootOrder: 0
  m_LocalEulerAnglesHint: {x: 0, y: 0, z: 0}
--- !u!64 &3274596034995114736
MeshCollider:
  m_ObjectHideFlags: 0
  m_CorrespondingSourceObject: {fileID: 0}
  m_PrefabInstance: {fileID: 0}
  m_PrefabAsset: {fileID: 0}
  m_GameObject: {fileID: 8660495321677915316}
  m_Material: {fileID: 0}
  m_IsTrigger: 0
  m_Enabled: 1
  serializedVersion: 4
  m_Convex: 0
  m_CookingOptions: 30
  m_Mesh: {fileID: 2265453113284075994, guid: cf0e70416c2204946954b71fb889e2d0, type: 3}
--- !u!1001 &3553210602948154893
PrefabInstance:
  m_ObjectHideFlags: 0
  serializedVersion: 2
  m_Modification:
    m_TransformParent: {fileID: 911705836018248261}
    m_Modifications:
    - target: {fileID: 3827401120674770307, guid: 04ce9c606333b674381deb48f233a277,
        type: 3}
      propertyPath: m_LocalPosition.x
      value: -0.5
      objectReference: {fileID: 0}
    - target: {fileID: 3827401120674770307, guid: 04ce9c606333b674381deb48f233a277,
        type: 3}
      propertyPath: m_LocalPosition.y
      value: 0
      objectReference: {fileID: 0}
    - target: {fileID: 3827401120674770307, guid: 04ce9c606333b674381deb48f233a277,
        type: 3}
      propertyPath: m_LocalPosition.z
      value: 3.5
      objectReference: {fileID: 0}
    - target: {fileID: 3827401120674770307, guid: 04ce9c606333b674381deb48f233a277,
        type: 3}
      propertyPath: m_LocalRotation.x
      value: 0
      objectReference: {fileID: 0}
    - target: {fileID: 3827401120674770307, guid: 04ce9c606333b674381deb48f233a277,
        type: 3}
      propertyPath: m_LocalRotation.y
      value: 0
      objectReference: {fileID: 0}
    - target: {fileID: 3827401120674770307, guid: 04ce9c606333b674381deb48f233a277,
        type: 3}
      propertyPath: m_LocalRotation.z
      value: 0
      objectReference: {fileID: 0}
    - target: {fileID: 3827401120674770307, guid: 04ce9c606333b674381deb48f233a277,
        type: 3}
      propertyPath: m_LocalRotation.w
      value: 1
      objectReference: {fileID: 0}
    - target: {fileID: 3827401120674770307, guid: 04ce9c606333b674381deb48f233a277,
        type: 3}
      propertyPath: m_RootOrder
      value: 2
      objectReference: {fileID: 0}
    - target: {fileID: 3827401120674770307, guid: 04ce9c606333b674381deb48f233a277,
        type: 3}
      propertyPath: m_LocalEulerAnglesHint.x
      value: 0
      objectReference: {fileID: 0}
    - target: {fileID: 3827401120674770307, guid: 04ce9c606333b674381deb48f233a277,
        type: 3}
      propertyPath: m_LocalEulerAnglesHint.y
      value: 0
      objectReference: {fileID: 0}
    - target: {fileID: 3827401120674770307, guid: 04ce9c606333b674381deb48f233a277,
        type: 3}
      propertyPath: m_LocalEulerAnglesHint.z
      value: 0
      objectReference: {fileID: 0}
    - target: {fileID: 8935671478945291720, guid: 04ce9c606333b674381deb48f233a277,
        type: 3}
      propertyPath: m_Name
      value: Pathway
      objectReference: {fileID: 0}
    m_RemovedComponents: []
  m_SourcePrefab: {fileID: 100100000, guid: 04ce9c606333b674381deb48f233a277, type: 3}
--- !u!4 &311350072533072782 stripped
Transform:
  m_CorrespondingSourceObject: {fileID: 3827401120674770307, guid: 04ce9c606333b674381deb48f233a277,
    type: 3}
  m_PrefabInstance: {fileID: 3553210602948154893}
  m_PrefabAsset: {fileID: 0}
--- !u!114 &1493091576113427590 stripped
MonoBehaviour:
  m_CorrespondingSourceObject: {fileID: 2735669416405377675, guid: 04ce9c606333b674381deb48f233a277,
    type: 3}
  m_PrefabInstance: {fileID: 3553210602948154893}
  m_PrefabAsset: {fileID: 0}
  m_GameObject: {fileID: 0}
  m_Enabled: 1
  m_EditorHideFlags: 0
  m_Script: {fileID: 11500000, guid: dd60658e6871a844788f7768b8dd9a51, type: 3}
  m_Name: 
  m_EditorClassIdentifier: 
--- !u!1001 &3562692917326340921
PrefabInstance:
  m_ObjectHideFlags: 0
  serializedVersion: 2
  m_Modification:
    m_TransformParent: {fileID: 911705836018248261}
    m_Modifications:
    - target: {fileID: 487243255437973317, guid: 740648b0b996ba148a76e0d9b869fb16,
        type: 3}
      propertyPath: m_Size.x
      value: 8
      objectReference: {fileID: 0}
    - target: {fileID: 487243255437973317, guid: 740648b0b996ba148a76e0d9b869fb16,
        type: 3}
      propertyPath: m_Size.y
      value: 8
      objectReference: {fileID: 0}
    - target: {fileID: 487243255437973317, guid: 740648b0b996ba148a76e0d9b869fb16,
        type: 3}
      propertyPath: m_Size.z
      value: 8
      objectReference: {fileID: 0}
    - target: {fileID: 487243255437973317, guid: 740648b0b996ba148a76e0d9b869fb16,
        type: 3}
      propertyPath: m_Center.x
      value: -0.5
      objectReference: {fileID: 0}
    - target: {fileID: 487243255437973317, guid: 740648b0b996ba148a76e0d9b869fb16,
        type: 3}
      propertyPath: m_Center.z
      value: -0.5
      objectReference: {fileID: 0}
    - target: {fileID: 1417693665624029033, guid: 740648b0b996ba148a76e0d9b869fb16,
        type: 3}
      propertyPath: m_Name
      value: Area Data
      objectReference: {fileID: 0}
    - target: {fileID: 4268913019039595364, guid: 740648b0b996ba148a76e0d9b869fb16,
        type: 3}
      propertyPath: pathWays.Array.size
      value: 2
      objectReference: {fileID: 0}
    - target: {fileID: 4268913019039595364, guid: 740648b0b996ba148a76e0d9b869fb16,
        type: 3}
      propertyPath: rootObj
      value: 
      objectReference: {fileID: 911705836018248261}
    - target: {fileID: 4268913019039595364, guid: 740648b0b996ba148a76e0d9b869fb16,
        type: 3}
      propertyPath: pathWays.Array.data[0]
      value: 
      objectReference: {fileID: 1493091576113427590}
    - target: {fileID: 4268913019039595364, guid: 740648b0b996ba148a76e0d9b869fb16,
        type: 3}
      propertyPath: pathWays.Array.data[1]
      value: 
      objectReference: {fileID: 6411189463281951962}
    - target: {fileID: 6391699724059656138, guid: 740648b0b996ba148a76e0d9b869fb16,
        type: 3}
      propertyPath: m_LocalPosition.x
      value: 0
      objectReference: {fileID: 0}
    - target: {fileID: 6391699724059656138, guid: 740648b0b996ba148a76e0d9b869fb16,
        type: 3}
      propertyPath: m_LocalPosition.y
      value: 0
      objectReference: {fileID: 0}
    - target: {fileID: 6391699724059656138, guid: 740648b0b996ba148a76e0d9b869fb16,
        type: 3}
      propertyPath: m_LocalPosition.z
      value: 0
      objectReference: {fileID: 0}
    - target: {fileID: 6391699724059656138, guid: 740648b0b996ba148a76e0d9b869fb16,
        type: 3}
      propertyPath: m_LocalRotation.x
      value: -0
      objectReference: {fileID: 0}
    - target: {fileID: 6391699724059656138, guid: 740648b0b996ba148a76e0d9b869fb16,
        type: 3}
      propertyPath: m_LocalRotation.y
      value: -0
      objectReference: {fileID: 0}
    - target: {fileID: 6391699724059656138, guid: 740648b0b996ba148a76e0d9b869fb16,
        type: 3}
      propertyPath: m_LocalRotation.z
      value: -0
      objectReference: {fileID: 0}
    - target: {fileID: 6391699724059656138, guid: 740648b0b996ba148a76e0d9b869fb16,
        type: 3}
      propertyPath: m_LocalRotation.w
      value: 1
      objectReference: {fileID: 0}
    - target: {fileID: 6391699724059656138, guid: 740648b0b996ba148a76e0d9b869fb16,
        type: 3}
      propertyPath: m_RootOrder
      value: 1
      objectReference: {fileID: 0}
    - target: {fileID: 6391699724059656138, guid: 740648b0b996ba148a76e0d9b869fb16,
        type: 3}
      propertyPath: m_LocalEulerAnglesHint.x
      value: 0
      objectReference: {fileID: 0}
    - target: {fileID: 6391699724059656138, guid: 740648b0b996ba148a76e0d9b869fb16,
        type: 3}
      propertyPath: m_LocalEulerAnglesHint.y
      value: 0
      objectReference: {fileID: 0}
    - target: {fileID: 6391699724059656138, guid: 740648b0b996ba148a76e0d9b869fb16,
        type: 3}
      propertyPath: m_LocalEulerAnglesHint.z
      value: 0
      objectReference: {fileID: 0}
    m_RemovedComponents: []
  m_SourcePrefab: {fileID: 100100000, guid: 740648b0b996ba148a76e0d9b869fb16, type: 3}
--- !u!4 &7620894715675729139 stripped
Transform:
  m_CorrespondingSourceObject: {fileID: 6391699724059656138, guid: 740648b0b996ba148a76e0d9b869fb16,
    type: 3}
  m_PrefabInstance: {fileID: 3562692917326340921}
  m_PrefabAsset: {fileID: 0}
--- !u!1001 &3795324580836635757
PrefabInstance:
  m_ObjectHideFlags: 0
  serializedVersion: 2
  m_Modification:
    m_TransformParent: {fileID: 911705836018248261}
    m_Modifications:
    - target: {fileID: -8679921383154817045, guid: cf0e70416c2204946954b71fb889e2d0,
        type: 3}
      propertyPath: m_LocalPosition.x
      value: 0
      objectReference: {fileID: 0}
    - target: {fileID: -8679921383154817045, guid: cf0e70416c2204946954b71fb889e2d0,
        type: 3}
      propertyPath: m_LocalPosition.y
      value: 0
      objectReference: {fileID: 0}
    - target: {fileID: -8679921383154817045, guid: cf0e70416c2204946954b71fb889e2d0,
        type: 3}
      propertyPath: m_LocalPosition.z
      value: 0
      objectReference: {fileID: 0}
    - target: {fileID: -8679921383154817045, guid: cf0e70416c2204946954b71fb889e2d0,
        type: 3}
      propertyPath: m_LocalRotation.x
      value: -0
      objectReference: {fileID: 0}
    - target: {fileID: -8679921383154817045, guid: cf0e70416c2204946954b71fb889e2d0,
        type: 3}
      propertyPath: m_LocalRotation.y
      value: -0
      objectReference: {fileID: 0}
    - target: {fileID: -8679921383154817045, guid: cf0e70416c2204946954b71fb889e2d0,
        type: 3}
      propertyPath: m_LocalRotation.z
      value: -0
      objectReference: {fileID: 0}
    - target: {fileID: -8679921383154817045, guid: cf0e70416c2204946954b71fb889e2d0,
        type: 3}
      propertyPath: m_LocalRotation.w
      value: 1
      objectReference: {fileID: 0}
    - target: {fileID: -8679921383154817045, guid: cf0e70416c2204946954b71fb889e2d0,
        type: 3}
      propertyPath: m_RootOrder
      value: 0
      objectReference: {fileID: 0}
    - target: {fileID: -8679921383154817045, guid: cf0e70416c2204946954b71fb889e2d0,
        type: 3}
      propertyPath: m_LocalEulerAnglesHint.x
      value: 0
      objectReference: {fileID: 0}
    - target: {fileID: -8679921383154817045, guid: cf0e70416c2204946954b71fb889e2d0,
        type: 3}
      propertyPath: m_LocalEulerAnglesHint.y
      value: 0
      objectReference: {fileID: 0}
    - target: {fileID: -8679921383154817045, guid: cf0e70416c2204946954b71fb889e2d0,
        type: 3}
      propertyPath: m_LocalEulerAnglesHint.z
      value: 0
      objectReference: {fileID: 0}
    - target: {fileID: -7902179104935487521, guid: cf0e70416c2204946954b71fb889e2d0,
        type: 3}
      propertyPath: m_StaticEditorFlags
      value: 4294967295
      objectReference: {fileID: 0}
    - target: {fileID: -6761351347015440476, guid: cf0e70416c2204946954b71fb889e2d0,
        type: 3}
      propertyPath: m_CastShadows
      value: 2
      objectReference: {fileID: 0}
    - target: {fileID: -6761351347015440476, guid: cf0e70416c2204946954b71fb889e2d0,
        type: 3}
      propertyPath: m_Materials.Array.data[0]
      value: 
      objectReference: {fileID: 2100000, guid: 32e0826440317b3489dac600e835663c, type: 2}
    - target: {fileID: -3432614897016181380, guid: cf0e70416c2204946954b71fb889e2d0,
        type: 3}
      propertyPath: m_CastShadows
      value: 2
      objectReference: {fileID: 0}
    - target: {fileID: -3432614897016181380, guid: cf0e70416c2204946954b71fb889e2d0,
        type: 3}
      propertyPath: m_Materials.Array.data[0]
      value: 
      objectReference: {fileID: 2100000, guid: 43a87c050510cf74ca453f7e821975a3, type: 2}
    - target: {fileID: -1880445241017685112, guid: cf0e70416c2204946954b71fb889e2d0,
        type: 3}
      propertyPath: m_CastShadows
      value: 2
      objectReference: {fileID: 0}
    - target: {fileID: -1880445241017685112, guid: cf0e70416c2204946954b71fb889e2d0,
        type: 3}
      propertyPath: m_Materials.Array.data[0]
      value: 
      objectReference: {fileID: 2100000, guid: 43a87c050510cf74ca453f7e821975a3, type: 2}
    - target: {fileID: -1557570750407463476, guid: cf0e70416c2204946954b71fb889e2d0,
        type: 3}
      propertyPath: m_CastShadows
      value: 2
      objectReference: {fileID: 0}
    - target: {fileID: -1557570750407463476, guid: cf0e70416c2204946954b71fb889e2d0,
        type: 3}
      propertyPath: m_Materials.Array.data[0]
      value: 
      objectReference: {fileID: 2100000, guid: ece60a240cb98a742810303f1afb24e6, type: 2}
    - target: {fileID: -1290445881525402117, guid: cf0e70416c2204946954b71fb889e2d0,
        type: 3}
      propertyPath: m_StaticEditorFlags
      value: 4294967295
      objectReference: {fileID: 0}
    - target: {fileID: -1084552730563131040, guid: cf0e70416c2204946954b71fb889e2d0,
        type: 3}
      propertyPath: m_CastShadows
      value: 2
      objectReference: {fileID: 0}
    - target: {fileID: -1084552730563131040, guid: cf0e70416c2204946954b71fb889e2d0,
        type: 3}
      propertyPath: m_Materials.Array.data[0]
      value: 
      objectReference: {fileID: 2100000, guid: 32e0826440317b3489dac600e835663c, type: 2}
    - target: {fileID: 919132149155446097, guid: cf0e70416c2204946954b71fb889e2d0,
        type: 3}
      propertyPath: m_Name
      value: tile_single_elbow
      objectReference: {fileID: 0}
    - target: {fileID: 919132149155446097, guid: cf0e70416c2204946954b71fb889e2d0,
        type: 3}
      propertyPath: m_StaticEditorFlags
      value: 4294967295
      objectReference: {fileID: 0}
    - target: {fileID: 1315184207131866330, guid: cf0e70416c2204946954b71fb889e2d0,
        type: 3}
      propertyPath: m_StaticEditorFlags
      value: 4294967295
      objectReference: {fileID: 0}
    - target: {fileID: 1999456027792687736, guid: cf0e70416c2204946954b71fb889e2d0,
        type: 3}
      propertyPath: m_StaticEditorFlags
      value: 4294967295
      objectReference: {fileID: 0}
    - target: {fileID: 3095487288299161464, guid: cf0e70416c2204946954b71fb889e2d0,
        type: 3}
      propertyPath: m_StaticEditorFlags
      value: 4294967295
      objectReference: {fileID: 0}
    - target: {fileID: 5520270772378538201, guid: cf0e70416c2204946954b71fb889e2d0,
        type: 3}
      propertyPath: m_StaticEditorFlags
      value: 4294967295
      objectReference: {fileID: 0}
    - target: {fileID: 6195486746079733936, guid: cf0e70416c2204946954b71fb889e2d0,
        type: 3}
      propertyPath: m_CastShadows
      value: 2
      objectReference: {fileID: 0}
    - target: {fileID: 6195486746079733936, guid: cf0e70416c2204946954b71fb889e2d0,
        type: 3}
      propertyPath: m_Materials.Array.data[0]
      value: 
      objectReference: {fileID: 2100000, guid: ece60a240cb98a742810303f1afb24e6, type: 2}
    m_RemovedComponents: []
  m_SourcePrefab: {fileID: 100100000, guid: cf0e70416c2204946954b71fb889e2d0, type: 3}
--- !u!4 &3684237946525717382 stripped
Transform:
  m_CorrespondingSourceObject: {fileID: -8679921383154817045, guid: cf0e70416c2204946954b71fb889e2d0,
    type: 3}
  m_PrefabInstance: {fileID: 3795324580836635757}
  m_PrefabAsset: {fileID: 0}
--- !u!1 &3392562029126202901 stripped
GameObject:
  m_CorrespondingSourceObject: {fileID: 1999456027792687736, guid: cf0e70416c2204946954b71fb889e2d0,
    type: 3}
  m_PrefabInstance: {fileID: 3795324580836635757}
  m_PrefabAsset: {fileID: 0}
--- !u!1 &6538340279794233750 stripped
GameObject:
  m_CorrespondingSourceObject: {fileID: -1290445881525402117, guid: cf0e70416c2204946954b71fb889e2d0,
    type: 3}
  m_PrefabInstance: {fileID: 3795324580836635757}
  m_PrefabAsset: {fileID: 0}
--- !u!1 &2188418263130338069 stripped
GameObject:
  m_CorrespondingSourceObject: {fileID: 3095487288299161464, guid: cf0e70416c2204946954b71fb889e2d0,
    type: 3}
  m_PrefabInstance: {fileID: 3795324580836635757}
  m_PrefabAsset: {fileID: 0}
--- !u!1 &2804557880317903031 stripped
GameObject:
  m_CorrespondingSourceObject: {fileID: 1315184207131866330, guid: cf0e70416c2204946954b71fb889e2d0,
    type: 3}
  m_PrefabInstance: {fileID: 3795324580836635757}
  m_PrefabAsset: {fileID: 0}
--- !u!1 &8660495321677915316 stripped
GameObject:
  m_CorrespondingSourceObject: {fileID: 5520270772378538201, guid: cf0e70416c2204946954b71fb889e2d0,
    type: 3}
  m_PrefabInstance: {fileID: 3795324580836635757}
  m_PrefabAsset: {fileID: 0}
--- !u!1 &2809791389277954994 stripped
GameObject:
  m_CorrespondingSourceObject: {fileID: -7902179104935487521, guid: cf0e70416c2204946954b71fb889e2d0,
    type: 3}
  m_PrefabInstance: {fileID: 3795324580836635757}
  m_PrefabAsset: {fileID: 0}
--- !u!1001 &9011159757248775761
PrefabInstance:
  m_ObjectHideFlags: 0
  serializedVersion: 2
  m_Modification:
    m_TransformParent: {fileID: 911705836018248261}
    m_Modifications:
    - target: {fileID: 3827401120674770307, guid: 04ce9c606333b674381deb48f233a277,
        type: 3}
      propertyPath: m_LocalPosition.x
      value: 3.5
      objectReference: {fileID: 0}
    - target: {fileID: 3827401120674770307, guid: 04ce9c606333b674381deb48f233a277,
        type: 3}
      propertyPath: m_LocalPosition.y
      value: 0
      objectReference: {fileID: 0}
    - target: {fileID: 3827401120674770307, guid: 04ce9c606333b674381deb48f233a277,
        type: 3}
      propertyPath: m_LocalPosition.z
      value: -0.5
      objectReference: {fileID: 0}
    - target: {fileID: 3827401120674770307, guid: 04ce9c606333b674381deb48f233a277,
        type: 3}
      propertyPath: m_LocalRotation.x
      value: -0
      objectReference: {fileID: 0}
    - target: {fileID: 3827401120674770307, guid: 04ce9c606333b674381deb48f233a277,
        type: 3}
      propertyPath: m_LocalRotation.y
      value: 0.70710677
      objectReference: {fileID: 0}
    - target: {fileID: 3827401120674770307, guid: 04ce9c606333b674381deb48f233a277,
        type: 3}
      propertyPath: m_LocalRotation.z
      value: -0
      objectReference: {fileID: 0}
    - target: {fileID: 3827401120674770307, guid: 04ce9c606333b674381deb48f233a277,
        type: 3}
      propertyPath: m_LocalRotation.w
      value: 0.7071068
      objectReference: {fileID: 0}
    - target: {fileID: 3827401120674770307, guid: 04ce9c606333b674381deb48f233a277,
        type: 3}
      propertyPath: m_RootOrder
      value: 3
      objectReference: {fileID: 0}
    - target: {fileID: 3827401120674770307, guid: 04ce9c606333b674381deb48f233a277,
        type: 3}
      propertyPath: m_LocalEulerAnglesHint.x
      value: 0
      objectReference: {fileID: 0}
    - target: {fileID: 3827401120674770307, guid: 04ce9c606333b674381deb48f233a277,
        type: 3}
      propertyPath: m_LocalEulerAnglesHint.y
      value: 90.00001
      objectReference: {fileID: 0}
    - target: {fileID: 3827401120674770307, guid: 04ce9c606333b674381deb48f233a277,
        type: 3}
      propertyPath: m_LocalEulerAnglesHint.z
      value: 0
      objectReference: {fileID: 0}
    - target: {fileID: 8935671478945291720, guid: 04ce9c606333b674381deb48f233a277,
        type: 3}
      propertyPath: m_Name
      value: Pathway (1)
      objectReference: {fileID: 0}
    m_RemovedComponents: []
  m_SourcePrefab: {fileID: 100100000, guid: 04ce9c606333b674381deb48f233a277, type: 3}
--- !u!4 &5193700421878393810 stripped
Transform:
  m_CorrespondingSourceObject: {fileID: 3827401120674770307, guid: 04ce9c606333b674381deb48f233a277,
    type: 3}
  m_PrefabInstance: {fileID: 9011159757248775761}
  m_PrefabAsset: {fileID: 0}
--- !u!114 &6411189463281951962 stripped
MonoBehaviour:
  m_CorrespondingSourceObject: {fileID: 2735669416405377675, guid: 04ce9c606333b674381deb48f233a277,
    type: 3}
  m_PrefabInstance: {fileID: 9011159757248775761}
  m_PrefabAsset: {fileID: 0}
  m_GameObject: {fileID: 0}
  m_Enabled: 1
  m_EditorHideFlags: 0
  m_Script: {fileID: 11500000, guid: dd60658e6871a844788f7768b8dd9a51, type: 3}
  m_Name: 
  m_EditorClassIdentifier: 
