%YAML 1.1
%TAG !u! tag:unity3d.com,2011:
--- !u!1 &17331146799706604
GameObject:
  m_ObjectHideFlags: 0
  m_CorrespondingSourceObject: {fileID: 0}
  m_PrefabInstance: {fileID: 0}
  m_PrefabAsset: {fileID: 0}
  serializedVersion: 6
  m_Component:
  - component: {fileID: 712204822457520477}
  m_Layer: 0
  m_Name: tile_dungeon_room_small
  m_TagString: Untagged
  m_Icon: {fileID: 0}
  m_NavMeshLayer: 0
  m_StaticEditorFlags: 0
  m_IsActive: 1
--- !u!4 &712204822457520477
Transform:
  m_ObjectHideFlags: 0
  m_CorrespondingSourceObject: {fileID: 0}
  m_PrefabInstance: {fileID: 0}
  m_PrefabAsset: {fileID: 0}
  m_GameObject: {fileID: 17331146799706604}
  m_LocalRotation: {x: 0, y: 0, z: 0, w: 1}
  m_LocalPosition: {x: 0, y: 0, z: 0}
  m_LocalScale: {x: 1, y: 1, z: 1}
  m_Children:
  - {fileID: 6031164612814942591}
  - {fileID: 2520197838947329920}
  - {fileID: 7617491783244639654}
  - {fileID: 1239334164634688772}
  - {fileID: 3067614487090762097}
  - {fileID: 4592606965234650622}
  - {fileID: 8749693278099540522}
  - {fileID: 5990927023014759565}
  - {fileID: 4474626569705907620}
  - {fileID: 1253770747642038276}
  - {fileID: 6512381434620632849}
  - {fileID: 2309968034682776374}
  - {fileID: 2492849334587509745}
  - {fileID: 777006361014022447}
  - {fileID: 1326834233467745974}
  - {fileID: 8404747764708818125}
  - {fileID: 6910204866342258196}
  - {fileID: 4714517325021001805}
  - {fileID: 8084978899270510053}
  - {fileID: 6098381258386575085}
  m_Father: {fileID: 0}
  m_RootOrder: 0
  m_LocalEulerAnglesHint: {x: 0, y: 0, z: 0}
--- !u!64 &73515102135134364
MeshCollider:
  m_ObjectHideFlags: 0
  m_CorrespondingSourceObject: {fileID: 0}
  m_PrefabInstance: {fileID: 0}
  m_PrefabAsset: {fileID: 0}
  m_GameObject: {fileID: 2084285031725204330}
  m_Material: {fileID: 0}
  m_IsTrigger: 0
  m_Enabled: 1
  serializedVersion: 4
  m_Convex: 0
  m_CookingOptions: 30
  m_Mesh: {fileID: -8233853958292350519, guid: 647839368fe9d7c4a884b64457244fa1, type: 3}
--- !u!64 &6726992609818851185
MeshCollider:
  m_ObjectHideFlags: 0
  m_CorrespondingSourceObject: {fileID: 0}
  m_PrefabInstance: {fileID: 0}
  m_PrefabAsset: {fileID: 0}
  m_GameObject: {fileID: 3175020484555035274}
  m_Material: {fileID: 0}
  m_IsTrigger: 0
  m_Enabled: 1
  serializedVersion: 4
  m_Convex: 0
  m_CookingOptions: 30
  m_Mesh: {fileID: -7610420880197775406, guid: 647839368fe9d7c4a884b64457244fa1, type: 3}
--- !u!64 &8755709591952852026
MeshCollider:
  m_ObjectHideFlags: 0
  m_CorrespondingSourceObject: {fileID: 0}
  m_PrefabInstance: {fileID: 0}
  m_PrefabAsset: {fileID: 0}
  m_GameObject: {fileID: 4597796647052696256}
  m_Material: {fileID: 0}
  m_IsTrigger: 0
  m_Enabled: 1
  serializedVersion: 4
  m_Convex: 0
  m_CookingOptions: 30
  m_Mesh: {fileID: -3606322482297845544, guid: 647839368fe9d7c4a884b64457244fa1, type: 3}
--- !u!64 &3964104660449409691
MeshCollider:
  m_ObjectHideFlags: 0
  m_CorrespondingSourceObject: {fileID: 0}
  m_PrefabInstance: {fileID: 0}
  m_PrefabAsset: {fileID: 0}
  m_GameObject: {fileID: 4947337277980536027}
  m_Material: {fileID: 0}
  m_IsTrigger: 0
  m_Enabled: 1
  serializedVersion: 4
  m_Convex: 0
  m_CookingOptions: 30
  m_Mesh: {fileID: -7039899799673883908, guid: 647839368fe9d7c4a884b64457244fa1, type: 3}
--- !u!64 &6862033411806821761
MeshCollider:
  m_ObjectHideFlags: 0
  m_CorrespondingSourceObject: {fileID: 0}
  m_PrefabInstance: {fileID: 0}
  m_PrefabAsset: {fileID: 0}
  m_GameObject: {fileID: 5361210371389394048}
  m_Material: {fileID: 0}
  m_IsTrigger: 0
  m_Enabled: 1
  serializedVersion: 4
  m_Convex: 0
  m_CookingOptions: 30
  m_Mesh: {fileID: -3273244062612246988, guid: 647839368fe9d7c4a884b64457244fa1, type: 3}
--- !u!64 &4747991859127829410
MeshCollider:
  m_ObjectHideFlags: 0
  m_CorrespondingSourceObject: {fileID: 0}
  m_PrefabInstance: {fileID: 0}
  m_PrefabAsset: {fileID: 0}
  m_GameObject: {fileID: 6053548250777331855}
  m_Material: {fileID: 0}
  m_IsTrigger: 0
  m_Enabled: 1
  serializedVersion: 4
  m_Convex: 0
  m_CookingOptions: 30
  m_Mesh: {fileID: -8492125465314288596, guid: 647839368fe9d7c4a884b64457244fa1, type: 3}
--- !u!64 &6134779918517043724
MeshCollider:
  m_ObjectHideFlags: 0
  m_CorrespondingSourceObject: {fileID: 0}
  m_PrefabInstance: {fileID: 0}
  m_PrefabAsset: {fileID: 0}
  m_GameObject: {fileID: 8930621721473767629}
  m_Material: {fileID: 0}
  m_IsTrigger: 0
  m_Enabled: 1
  serializedVersion: 4
  m_Convex: 0
  m_CookingOptions: 30
  m_Mesh: {fileID: 7220196176890520299, guid: 647839368fe9d7c4a884b64457244fa1, type: 3}
--- !u!64 &1037106497293803999
MeshCollider:
  m_ObjectHideFlags: 0
  m_CorrespondingSourceObject: {fileID: 0}
  m_PrefabInstance: {fileID: 0}
  m_PrefabAsset: {fileID: 0}
  m_GameObject: {fileID: 8950601146139540082}
  m_Material: {fileID: 0}
  m_IsTrigger: 0
  m_Enabled: 1
  serializedVersion: 4
  m_Convex: 0
  m_CookingOptions: 30
  m_Mesh: {fileID: 5425310665050512659, guid: 647839368fe9d7c4a884b64457244fa1, type: 3}
--- !u!1001 &419277646873961213
PrefabInstance:
  m_ObjectHideFlags: 0
  serializedVersion: 2
  m_Modification:
    m_TransformParent: {fileID: 712204822457520477}
    m_Modifications:
    - target: {fileID: 8047485815473528095, guid: ae9785c1337079e488819308b697981f,
        type: 3}
      propertyPath: m_Name
      value: deco_torch_big
      objectReference: {fileID: 0}
    - target: {fileID: 8988258388073785559, guid: ae9785c1337079e488819308b697981f,
        type: 3}
      propertyPath: m_LocalPosition.x
      value: 4
      objectReference: {fileID: 0}
    - target: {fileID: 8988258388073785559, guid: ae9785c1337079e488819308b697981f,
        type: 3}
      propertyPath: m_LocalPosition.y
      value: -3.5
      objectReference: {fileID: 0}
    - target: {fileID: 8988258388073785559, guid: ae9785c1337079e488819308b697981f,
        type: 3}
      propertyPath: m_LocalPosition.z
      value: -8
      objectReference: {fileID: 0}
    - target: {fileID: 8988258388073785559, guid: ae9785c1337079e488819308b697981f,
        type: 3}
      propertyPath: m_LocalRotation.x
      value: -0
      objectReference: {fileID: 0}
    - target: {fileID: 8988258388073785559, guid: ae9785c1337079e488819308b697981f,
        type: 3}
      propertyPath: m_LocalRotation.y
      value: -0
      objectReference: {fileID: 0}
    - target: {fileID: 8988258388073785559, guid: ae9785c1337079e488819308b697981f,
        type: 3}
      propertyPath: m_LocalRotation.z
      value: -0
      objectReference: {fileID: 0}
    - target: {fileID: 8988258388073785559, guid: ae9785c1337079e488819308b697981f,
        type: 3}
      propertyPath: m_LocalRotation.w
      value: 1
      objectReference: {fileID: 0}
    - target: {fileID: 8988258388073785559, guid: ae9785c1337079e488819308b697981f,
        type: 3}
      propertyPath: m_RootOrder
      value: 6
      objectReference: {fileID: 0}
    - target: {fileID: 8988258388073785559, guid: ae9785c1337079e488819308b697981f,
        type: 3}
      propertyPath: m_LocalEulerAnglesHint.x
      value: 0
      objectReference: {fileID: 0}
    - target: {fileID: 8988258388073785559, guid: ae9785c1337079e488819308b697981f,
        type: 3}
      propertyPath: m_LocalEulerAnglesHint.y
      value: 0
      objectReference: {fileID: 0}
    - target: {fileID: 8988258388073785559, guid: ae9785c1337079e488819308b697981f,
        type: 3}
      propertyPath: m_LocalEulerAnglesHint.z
      value: 0
      objectReference: {fileID: 0}
    m_RemovedComponents: []
  m_SourcePrefab: {fileID: 100100000, guid: ae9785c1337079e488819308b697981f, type: 3}
--- !u!4 &8749693278099540522 stripped
Transform:
  m_CorrespondingSourceObject: {fileID: 8988258388073785559, guid: ae9785c1337079e488819308b697981f,
    type: 3}
  m_PrefabInstance: {fileID: 419277646873961213}
  m_PrefabAsset: {fileID: 0}
--- !u!1001 &766067932006162557
PrefabInstance:
  m_ObjectHideFlags: 0
  serializedVersion: 2
  m_Modification:
    m_TransformParent: {fileID: 712204822457520477}
    m_Modifications:
    - target: {fileID: 3827401120674770307, guid: 04ce9c606333b674381deb48f233a277,
        type: 3}
      propertyPath: m_LocalPosition.x
      value: 8
      objectReference: {fileID: 0}
    - target: {fileID: 3827401120674770307, guid: 04ce9c606333b674381deb48f233a277,
        type: 3}
      propertyPath: m_LocalPosition.y
      value: -0.5
      objectReference: {fileID: 0}
    - target: {fileID: 3827401120674770307, guid: 04ce9c606333b674381deb48f233a277,
        type: 3}
      propertyPath: m_LocalPosition.z
      value: 0
      objectReference: {fileID: 0}
    - target: {fileID: 3827401120674770307, guid: 04ce9c606333b674381deb48f233a277,
        type: 3}
      propertyPath: m_LocalRotation.x
      value: -0
      objectReference: {fileID: 0}
    - target: {fileID: 3827401120674770307, guid: 04ce9c606333b674381deb48f233a277,
        type: 3}
      propertyPath: m_LocalRotation.y
      value: 0.7071065
      objectReference: {fileID: 0}
    - target: {fileID: 3827401120674770307, guid: 04ce9c606333b674381deb48f233a277,
        type: 3}
      propertyPath: m_LocalRotation.z
      value: -0
      objectReference: {fileID: 0}
    - target: {fileID: 3827401120674770307, guid: 04ce9c606333b674381deb48f233a277,
        type: 3}
      propertyPath: m_LocalRotation.w
      value: 0.7071071
      objectReference: {fileID: 0}
    - target: {fileID: 3827401120674770307, guid: 04ce9c606333b674381deb48f233a277,
        type: 3}
      propertyPath: m_RootOrder
      value: 5
      objectReference: {fileID: 0}
    - target: {fileID: 3827401120674770307, guid: 04ce9c606333b674381deb48f233a277,
        type: 3}
      propertyPath: m_LocalEulerAnglesHint.x
      value: 0
      objectReference: {fileID: 0}
    - target: {fileID: 3827401120674770307, guid: 04ce9c606333b674381deb48f233a277,
        type: 3}
      propertyPath: m_LocalEulerAnglesHint.y
      value: 90.00001
      objectReference: {fileID: 0}
    - target: {fileID: 3827401120674770307, guid: 04ce9c606333b674381deb48f233a277,
        type: 3}
      propertyPath: m_LocalEulerAnglesHint.z
      value: 0
      objectReference: {fileID: 0}
    - target: {fileID: 8935671478945291720, guid: 04ce9c606333b674381deb48f233a277,
        type: 3}
      propertyPath: m_Name
      value: Pathway (3)
      objectReference: {fileID: 0}
    m_RemovedComponents: []
  m_SourcePrefab: {fileID: 100100000, guid: 04ce9c606333b674381deb48f233a277, type: 3}
--- !u!4 &4592606965234650622 stripped
Transform:
  m_CorrespondingSourceObject: {fileID: 3827401120674770307, guid: 04ce9c606333b674381deb48f233a277,
    type: 3}
  m_PrefabInstance: {fileID: 766067932006162557}
  m_PrefabAsset: {fileID: 0}
--- !u!114 &3411074772056244982 stripped
MonoBehaviour:
  m_CorrespondingSourceObject: {fileID: 2735669416405377675, guid: 04ce9c606333b674381deb48f233a277,
    type: 3}
  m_PrefabInstance: {fileID: 766067932006162557}
  m_PrefabAsset: {fileID: 0}
  m_GameObject: {fileID: 0}
  m_Enabled: 1
  m_EditorHideFlags: 0
  m_Script: {fileID: 11500000, guid: dd60658e6871a844788f7768b8dd9a51, type: 3}
  m_Name: 
  m_EditorClassIdentifier: 
--- !u!1001 &2274302512882482418
PrefabInstance:
  m_ObjectHideFlags: 0
  serializedVersion: 2
  m_Modification:
    m_TransformParent: {fileID: 712204822457520477}
    m_Modifications:
    - target: {fileID: 3827401120674770307, guid: 04ce9c606333b674381deb48f233a277,
        type: 3}
      propertyPath: m_LocalPosition.x
      value: -4
      objectReference: {fileID: 0}
    - target: {fileID: 3827401120674770307, guid: 04ce9c606333b674381deb48f233a277,
        type: 3}
      propertyPath: m_LocalPosition.y
      value: -0.5
      objectReference: {fileID: 0}
    - target: {fileID: 3827401120674770307, guid: 04ce9c606333b674381deb48f233a277,
        type: 3}
      propertyPath: m_LocalPosition.z
      value: -12
      objectReference: {fileID: 0}
    - target: {fileID: 3827401120674770307, guid: 04ce9c606333b674381deb48f233a277,
        type: 3}
      propertyPath: m_LocalRotation.x
      value: -0
      objectReference: {fileID: 0}
    - target: {fileID: 3827401120674770307, guid: 04ce9c606333b674381deb48f233a277,
        type: 3}
      propertyPath: m_LocalRotation.y
      value: -1
      objectReference: {fileID: 0}
    - target: {fileID: 3827401120674770307, guid: 04ce9c606333b674381deb48f233a277,
        type: 3}
      propertyPath: m_LocalRotation.z
      value: -0
      objectReference: {fileID: 0}
    - target: {fileID: 3827401120674770307, guid: 04ce9c606333b674381deb48f233a277,
        type: 3}
      propertyPath: m_LocalRotation.w
      value: -0.00000035762784
      objectReference: {fileID: 0}
    - target: {fileID: 3827401120674770307, guid: 04ce9c606333b674381deb48f233a277,
        type: 3}
      propertyPath: m_RootOrder
      value: 4
      objectReference: {fileID: 0}
    - target: {fileID: 3827401120674770307, guid: 04ce9c606333b674381deb48f233a277,
        type: 3}
      propertyPath: m_LocalEulerAnglesHint.x
      value: 0
      objectReference: {fileID: 0}
    - target: {fileID: 3827401120674770307, guid: 04ce9c606333b674381deb48f233a277,
        type: 3}
      propertyPath: m_LocalEulerAnglesHint.y
      value: -179.99998
      objectReference: {fileID: 0}
    - target: {fileID: 3827401120674770307, guid: 04ce9c606333b674381deb48f233a277,
        type: 3}
      propertyPath: m_LocalEulerAnglesHint.z
      value: 0
      objectReference: {fileID: 0}
    - target: {fileID: 8935671478945291720, guid: 04ce9c606333b674381deb48f233a277,
        type: 3}
      propertyPath: m_Name
      value: Pathway (2)
      objectReference: {fileID: 0}
    m_RemovedComponents: []
  m_SourcePrefab: {fileID: 100100000, guid: 04ce9c606333b674381deb48f233a277, type: 3}
--- !u!4 &3067614487090762097 stripped
Transform:
  m_CorrespondingSourceObject: {fileID: 3827401120674770307, guid: 04ce9c606333b674381deb48f233a277,
    type: 3}
  m_PrefabInstance: {fileID: 2274302512882482418}
  m_PrefabAsset: {fileID: 0}
--- !u!114 &4213397564803604089 stripped
MonoBehaviour:
  m_CorrespondingSourceObject: {fileID: 2735669416405377675, guid: 04ce9c606333b674381deb48f233a277,
    type: 3}
  m_PrefabInstance: {fileID: 2274302512882482418}
  m_PrefabAsset: {fileID: 0}
  m_GameObject: {fileID: 0}
  m_Enabled: 1
  m_EditorHideFlags: 0
  m_Script: {fileID: 11500000, guid: dd60658e6871a844788f7768b8dd9a51, type: 3}
  m_Name: 
  m_EditorClassIdentifier: 
--- !u!1001 &2471247307456894161
PrefabInstance:
  m_ObjectHideFlags: 0
  serializedVersion: 2
  m_Modification:
    m_TransformParent: {fileID: 712204822457520477}
    m_Modifications:
    - target: {fileID: 3468474170557850215, guid: 370a84dc46c5b2c43891a43e37191262,
        type: 3}
      propertyPath: m_LocalPosition.x
      value: -7.5
      objectReference: {fileID: 0}
    - target: {fileID: 3468474170557850215, guid: 370a84dc46c5b2c43891a43e37191262,
        type: 3}
      propertyPath: m_LocalPosition.y
      value: -3.5
      objectReference: {fileID: 0}
    - target: {fileID: 3468474170557850215, guid: 370a84dc46c5b2c43891a43e37191262,
        type: 3}
      propertyPath: m_LocalPosition.z
      value: 0
      objectReference: {fileID: 0}
    - target: {fileID: 3468474170557850215, guid: 370a84dc46c5b2c43891a43e37191262,
        type: 3}
      propertyPath: m_LocalRotation.x
      value: -0
      objectReference: {fileID: 0}
    - target: {fileID: 3468474170557850215, guid: 370a84dc46c5b2c43891a43e37191262,
        type: 3}
      propertyPath: m_LocalRotation.y
      value: -0.7071068
      objectReference: {fileID: 0}
    - target: {fileID: 3468474170557850215, guid: 370a84dc46c5b2c43891a43e37191262,
        type: 3}
      propertyPath: m_LocalRotation.z
      value: -0
      objectReference: {fileID: 0}
    - target: {fileID: 3468474170557850215, guid: 370a84dc46c5b2c43891a43e37191262,
        type: 3}
      propertyPath: m_LocalRotation.w
      value: 0.7071068
      objectReference: {fileID: 0}
    - target: {fileID: 3468474170557850215, guid: 370a84dc46c5b2c43891a43e37191262,
        type: 3}
      propertyPath: m_RootOrder
      value: 14
      objectReference: {fileID: 0}
    - target: {fileID: 3468474170557850215, guid: 370a84dc46c5b2c43891a43e37191262,
        type: 3}
      propertyPath: m_LocalEulerAnglesHint.x
      value: 0
      objectReference: {fileID: 0}
    - target: {fileID: 3468474170557850215, guid: 370a84dc46c5b2c43891a43e37191262,
        type: 3}
      propertyPath: m_LocalEulerAnglesHint.y
      value: -90
      objectReference: {fileID: 0}
    - target: {fileID: 3468474170557850215, guid: 370a84dc46c5b2c43891a43e37191262,
        type: 3}
      propertyPath: m_LocalEulerAnglesHint.z
      value: 0
      objectReference: {fileID: 0}
    - target: {fileID: 6212958151005124288, guid: 370a84dc46c5b2c43891a43e37191262,
        type: 3}
      propertyPath: m_Name
      value: dungeon_arch (1)
      objectReference: {fileID: 0}
    m_RemovedComponents: []
  m_SourcePrefab: {fileID: 100100000, guid: 370a84dc46c5b2c43891a43e37191262, type: 3}
--- !u!4 &1326834233467745974 stripped
Transform:
  m_CorrespondingSourceObject: {fileID: 3468474170557850215, guid: 370a84dc46c5b2c43891a43e37191262,
    type: 3}
  m_PrefabInstance: {fileID: 2471247307456894161}
  m_PrefabAsset: {fileID: 0}
--- !u!1001 &2607398165788110983
PrefabInstance:
  m_ObjectHideFlags: 0
  serializedVersion: 2
  m_Modification:
    m_TransformParent: {fileID: 712204822457520477}
    m_Modifications:
    - target: {fileID: 3827401120674770307, guid: 04ce9c606333b674381deb48f233a277,
        type: 3}
      propertyPath: m_LocalPosition.x
      value: -8
      objectReference: {fileID: 0}
    - target: {fileID: 3827401120674770307, guid: 04ce9c606333b674381deb48f233a277,
        type: 3}
      propertyPath: m_LocalPosition.y
      value: -0.5
      objectReference: {fileID: 0}
    - target: {fileID: 3827401120674770307, guid: 04ce9c606333b674381deb48f233a277,
        type: 3}
      propertyPath: m_LocalPosition.z
      value: 0
      objectReference: {fileID: 0}
    - target: {fileID: 3827401120674770307, guid: 04ce9c606333b674381deb48f233a277,
        type: 3}
      propertyPath: m_LocalRotation.x
      value: -0
      objectReference: {fileID: 0}
    - target: {fileID: 3827401120674770307, guid: 04ce9c606333b674381deb48f233a277,
        type: 3}
      propertyPath: m_LocalRotation.y
      value: -0.70710707
      objectReference: {fileID: 0}
    - target: {fileID: 3827401120674770307, guid: 04ce9c606333b674381deb48f233a277,
        type: 3}
      propertyPath: m_LocalRotation.z
      value: -0
      objectReference: {fileID: 0}
    - target: {fileID: 3827401120674770307, guid: 04ce9c606333b674381deb48f233a277,
        type: 3}
      propertyPath: m_LocalRotation.w
      value: 0.70710653
      objectReference: {fileID: 0}
    - target: {fileID: 3827401120674770307, guid: 04ce9c606333b674381deb48f233a277,
        type: 3}
      propertyPath: m_RootOrder
      value: 3
      objectReference: {fileID: 0}
    - target: {fileID: 3827401120674770307, guid: 04ce9c606333b674381deb48f233a277,
        type: 3}
      propertyPath: m_LocalEulerAnglesHint.x
      value: 0
      objectReference: {fileID: 0}
    - target: {fileID: 3827401120674770307, guid: 04ce9c606333b674381deb48f233a277,
        type: 3}
      propertyPath: m_LocalEulerAnglesHint.y
      value: -90.00001
      objectReference: {fileID: 0}
    - target: {fileID: 3827401120674770307, guid: 04ce9c606333b674381deb48f233a277,
        type: 3}
      propertyPath: m_LocalEulerAnglesHint.z
      value: 0
      objectReference: {fileID: 0}
    - target: {fileID: 8935671478945291720, guid: 04ce9c606333b674381deb48f233a277,
        type: 3}
      propertyPath: m_Name
      value: Pathway (1)
      objectReference: {fileID: 0}
    m_RemovedComponents: []
  m_SourcePrefab: {fileID: 100100000, guid: 04ce9c606333b674381deb48f233a277, type: 3}
--- !u!4 &1239334164634688772 stripped
Transform:
  m_CorrespondingSourceObject: {fileID: 3827401120674770307, guid: 04ce9c606333b674381deb48f233a277,
    type: 3}
  m_PrefabInstance: {fileID: 2607398165788110983}
  m_PrefabAsset: {fileID: 0}
--- !u!114 &132955171770601996 stripped
MonoBehaviour:
  m_CorrespondingSourceObject: {fileID: 2735669416405377675, guid: 04ce9c606333b674381deb48f233a277,
    type: 3}
  m_PrefabInstance: {fileID: 2607398165788110983}
  m_PrefabAsset: {fileID: 0}
  m_GameObject: {fileID: 0}
  m_Enabled: 1
  m_EditorHideFlags: 0
  m_Script: {fileID: 11500000, guid: dd60658e6871a844788f7768b8dd9a51, type: 3}
  m_Name: 
  m_EditorClassIdentifier: 
--- !u!1001 &3429213359668594906
PrefabInstance:
  m_ObjectHideFlags: 0
  serializedVersion: 2
  m_Modification:
    m_TransformParent: {fileID: 712204822457520477}
    m_Modifications:
    - target: {fileID: 2392959848148806805, guid: df4b1b18f5f55604ab704fc2d38d82cb,
        type: 3}
      propertyPath: m_Name
      value: dungeon_bars (1)
      objectReference: {fileID: 0}
    - target: {fileID: 7996800736109211799, guid: df4b1b18f5f55604ab704fc2d38d82cb,
        type: 3}
      propertyPath: m_LocalPosition.x
      value: -5
      objectReference: {fileID: 0}
    - target: {fileID: 7996800736109211799, guid: df4b1b18f5f55604ab704fc2d38d82cb,
        type: 3}
      propertyPath: m_LocalPosition.y
      value: -3.5
      objectReference: {fileID: 0}
    - target: {fileID: 7996800736109211799, guid: df4b1b18f5f55604ab704fc2d38d82cb,
        type: 3}
      propertyPath: m_LocalPosition.z
      value: -4.5
      objectReference: {fileID: 0}
    - target: {fileID: 7996800736109211799, guid: df4b1b18f5f55604ab704fc2d38d82cb,
        type: 3}
      propertyPath: m_LocalRotation.x
      value: -0
      objectReference: {fileID: 0}
    - target: {fileID: 7996800736109211799, guid: df4b1b18f5f55604ab704fc2d38d82cb,
        type: 3}
      propertyPath: m_LocalRotation.y
      value: -0
      objectReference: {fileID: 0}
    - target: {fileID: 7996800736109211799, guid: df4b1b18f5f55604ab704fc2d38d82cb,
        type: 3}
      propertyPath: m_LocalRotation.z
      value: -0
      objectReference: {fileID: 0}
    - target: {fileID: 7996800736109211799, guid: df4b1b18f5f55604ab704fc2d38d82cb,
        type: 3}
      propertyPath: m_LocalRotation.w
      value: 1
      objectReference: {fileID: 0}
    - target: {fileID: 7996800736109211799, guid: df4b1b18f5f55604ab704fc2d38d82cb,
        type: 3}
      propertyPath: m_RootOrder
      value: 17
      objectReference: {fileID: 0}
    - target: {fileID: 7996800736109211799, guid: df4b1b18f5f55604ab704fc2d38d82cb,
        type: 3}
      propertyPath: m_LocalEulerAnglesHint.x
      value: 0
      objectReference: {fileID: 0}
    - target: {fileID: 7996800736109211799, guid: df4b1b18f5f55604ab704fc2d38d82cb,
        type: 3}
      propertyPath: m_LocalEulerAnglesHint.y
      value: 0
      objectReference: {fileID: 0}
    - target: {fileID: 7996800736109211799, guid: df4b1b18f5f55604ab704fc2d38d82cb,
        type: 3}
      propertyPath: m_LocalEulerAnglesHint.z
      value: 0
      objectReference: {fileID: 0}
    m_RemovedComponents: []
  m_SourcePrefab: {fileID: 100100000, guid: df4b1b18f5f55604ab704fc2d38d82cb, type: 3}
--- !u!4 &4714517325021001805 stripped
Transform:
  m_CorrespondingSourceObject: {fileID: 7996800736109211799, guid: df4b1b18f5f55604ab704fc2d38d82cb,
    type: 3}
  m_PrefabInstance: {fileID: 3429213359668594906}
  m_PrefabAsset: {fileID: 0}
--- !u!1001 &3790614232810549126
PrefabInstance:
  m_ObjectHideFlags: 0
  serializedVersion: 2
  m_Modification:
    m_TransformParent: {fileID: 712204822457520477}
    m_Modifications:
    - target: {fileID: 2392959848148806805, guid: df4b1b18f5f55604ab704fc2d38d82cb,
        type: 3}
      propertyPath: m_Name
      value: dungeon_bars
      objectReference: {fileID: 0}
    - target: {fileID: 7996800736109211799, guid: df4b1b18f5f55604ab704fc2d38d82cb,
        type: 3}
      propertyPath: m_LocalPosition.x
      value: 5
      objectReference: {fileID: 0}
    - target: {fileID: 7996800736109211799, guid: df4b1b18f5f55604ab704fc2d38d82cb,
        type: 3}
      propertyPath: m_LocalPosition.y
      value: -3.5
      objectReference: {fileID: 0}
    - target: {fileID: 7996800736109211799, guid: df4b1b18f5f55604ab704fc2d38d82cb,
        type: 3}
      propertyPath: m_LocalPosition.z
      value: -4.5
      objectReference: {fileID: 0}
    - target: {fileID: 7996800736109211799, guid: df4b1b18f5f55604ab704fc2d38d82cb,
        type: 3}
      propertyPath: m_LocalRotation.x
      value: -0
      objectReference: {fileID: 0}
    - target: {fileID: 7996800736109211799, guid: df4b1b18f5f55604ab704fc2d38d82cb,
        type: 3}
      propertyPath: m_LocalRotation.y
      value: -0
      objectReference: {fileID: 0}
    - target: {fileID: 7996800736109211799, guid: df4b1b18f5f55604ab704fc2d38d82cb,
        type: 3}
      propertyPath: m_LocalRotation.z
      value: -0
      objectReference: {fileID: 0}
    - target: {fileID: 7996800736109211799, guid: df4b1b18f5f55604ab704fc2d38d82cb,
        type: 3}
      propertyPath: m_LocalRotation.w
      value: 1
      objectReference: {fileID: 0}
    - target: {fileID: 7996800736109211799, guid: df4b1b18f5f55604ab704fc2d38d82cb,
        type: 3}
      propertyPath: m_RootOrder
      value: 10
      objectReference: {fileID: 0}
    - target: {fileID: 7996800736109211799, guid: df4b1b18f5f55604ab704fc2d38d82cb,
        type: 3}
      propertyPath: m_LocalEulerAnglesHint.x
      value: 0
      objectReference: {fileID: 0}
    - target: {fileID: 7996800736109211799, guid: df4b1b18f5f55604ab704fc2d38d82cb,
        type: 3}
      propertyPath: m_LocalEulerAnglesHint.y
      value: 0
      objectReference: {fileID: 0}
    - target: {fileID: 7996800736109211799, guid: df4b1b18f5f55604ab704fc2d38d82cb,
        type: 3}
      propertyPath: m_LocalEulerAnglesHint.z
      value: 0
      objectReference: {fileID: 0}
    m_RemovedComponents: []
  m_SourcePrefab: {fileID: 100100000, guid: df4b1b18f5f55604ab704fc2d38d82cb, type: 3}
--- !u!4 &6512381434620632849 stripped
Transform:
  m_CorrespondingSourceObject: {fileID: 7996800736109211799, guid: df4b1b18f5f55604ab704fc2d38d82cb,
    type: 3}
  m_PrefabInstance: {fileID: 3790614232810549126}
  m_PrefabAsset: {fileID: 0}
--- !u!1001 &4245211966186083144
PrefabInstance:
  m_ObjectHideFlags: 0
  serializedVersion: 2
  m_Modification:
    m_TransformParent: {fileID: 712204822457520477}
    m_Modifications:
    - target: {fileID: 3468474170557850215, guid: 370a84dc46c5b2c43891a43e37191262,
        type: 3}
      propertyPath: m_LocalPosition.x
      value: -4
      objectReference: {fileID: 0}
    - target: {fileID: 3468474170557850215, guid: 370a84dc46c5b2c43891a43e37191262,
        type: 3}
      propertyPath: m_LocalPosition.y
      value: -3.5
      objectReference: {fileID: 0}
    - target: {fileID: 3468474170557850215, guid: 370a84dc46c5b2c43891a43e37191262,
        type: 3}
      propertyPath: m_LocalPosition.z
      value: -11.5
      objectReference: {fileID: 0}
    - target: {fileID: 3468474170557850215, guid: 370a84dc46c5b2c43891a43e37191262,
        type: 3}
      propertyPath: m_LocalRotation.x
      value: -0
      objectReference: {fileID: 0}
    - target: {fileID: 3468474170557850215, guid: 370a84dc46c5b2c43891a43e37191262,
        type: 3}
      propertyPath: m_LocalRotation.y
      value: -0
      objectReference: {fileID: 0}
    - target: {fileID: 3468474170557850215, guid: 370a84dc46c5b2c43891a43e37191262,
        type: 3}
      propertyPath: m_LocalRotation.z
      value: -0
      objectReference: {fileID: 0}
    - target: {fileID: 3468474170557850215, guid: 370a84dc46c5b2c43891a43e37191262,
        type: 3}
      propertyPath: m_LocalRotation.w
      value: 1
      objectReference: {fileID: 0}
    - target: {fileID: 3468474170557850215, guid: 370a84dc46c5b2c43891a43e37191262,
        type: 3}
      propertyPath: m_RootOrder
      value: 13
      objectReference: {fileID: 0}
    - target: {fileID: 3468474170557850215, guid: 370a84dc46c5b2c43891a43e37191262,
        type: 3}
      propertyPath: m_LocalEulerAnglesHint.x
      value: 0
      objectReference: {fileID: 0}
    - target: {fileID: 3468474170557850215, guid: 370a84dc46c5b2c43891a43e37191262,
        type: 3}
      propertyPath: m_LocalEulerAnglesHint.y
      value: 0
      objectReference: {fileID: 0}
    - target: {fileID: 3468474170557850215, guid: 370a84dc46c5b2c43891a43e37191262,
        type: 3}
      propertyPath: m_LocalEulerAnglesHint.z
      value: 0
      objectReference: {fileID: 0}
    - target: {fileID: 6212958151005124288, guid: 370a84dc46c5b2c43891a43e37191262,
        type: 3}
      propertyPath: m_Name
      value: dungeon_arch
      objectReference: {fileID: 0}
    m_RemovedComponents: []
  m_SourcePrefab: {fileID: 100100000, guid: 370a84dc46c5b2c43891a43e37191262, type: 3}
--- !u!4 &777006361014022447 stripped
Transform:
  m_CorrespondingSourceObject: {fileID: 3468474170557850215, guid: 370a84dc46c5b2c43891a43e37191262,
    type: 3}
  m_PrefabInstance: {fileID: 4245211966186083144}
  m_PrefabAsset: {fileID: 0}
--- !u!1001 &4936463535875940010
PrefabInstance:
  m_ObjectHideFlags: 0
  serializedVersion: 2
  m_Modification:
    m_TransformParent: {fileID: 712204822457520477}
    m_Modifications:
    - target: {fileID: 3468474170557850215, guid: 370a84dc46c5b2c43891a43e37191262,
        type: 3}
      propertyPath: m_LocalPosition.x
      value: 4
      objectReference: {fileID: 0}
    - target: {fileID: 3468474170557850215, guid: 370a84dc46c5b2c43891a43e37191262,
        type: 3}
      propertyPath: m_LocalPosition.y
      value: -3.5
      objectReference: {fileID: 0}
    - target: {fileID: 3468474170557850215, guid: 370a84dc46c5b2c43891a43e37191262,
        type: 3}
      propertyPath: m_LocalPosition.z
      value: 11.5
      objectReference: {fileID: 0}
    - target: {fileID: 3468474170557850215, guid: 370a84dc46c5b2c43891a43e37191262,
        type: 3}
      propertyPath: m_LocalRotation.x
      value: -0
      objectReference: {fileID: 0}
    - target: {fileID: 3468474170557850215, guid: 370a84dc46c5b2c43891a43e37191262,
        type: 3}
      propertyPath: m_LocalRotation.y
      value: -1
      objectReference: {fileID: 0}
    - target: {fileID: 3468474170557850215, guid: 370a84dc46c5b2c43891a43e37191262,
        type: 3}
      propertyPath: m_LocalRotation.z
      value: -0
      objectReference: {fileID: 0}
    - target: {fileID: 3468474170557850215, guid: 370a84dc46c5b2c43891a43e37191262,
        type: 3}
      propertyPath: m_LocalRotation.w
      value: 0.00000037252897
      objectReference: {fileID: 0}
    - target: {fileID: 3468474170557850215, guid: 370a84dc46c5b2c43891a43e37191262,
        type: 3}
      propertyPath: m_RootOrder
      value: 15
      objectReference: {fileID: 0}
    - target: {fileID: 3468474170557850215, guid: 370a84dc46c5b2c43891a43e37191262,
        type: 3}
      propertyPath: m_LocalEulerAnglesHint.x
      value: 0
      objectReference: {fileID: 0}
    - target: {fileID: 3468474170557850215, guid: 370a84dc46c5b2c43891a43e37191262,
        type: 3}
      propertyPath: m_LocalEulerAnglesHint.y
      value: -180
      objectReference: {fileID: 0}
    - target: {fileID: 3468474170557850215, guid: 370a84dc46c5b2c43891a43e37191262,
        type: 3}
      propertyPath: m_LocalEulerAnglesHint.z
      value: 0
      objectReference: {fileID: 0}
    - target: {fileID: 6212958151005124288, guid: 370a84dc46c5b2c43891a43e37191262,
        type: 3}
      propertyPath: m_Name
      value: dungeon_arch (2)
      objectReference: {fileID: 0}
    m_RemovedComponents: []
  m_SourcePrefab: {fileID: 100100000, guid: 370a84dc46c5b2c43891a43e37191262, type: 3}
--- !u!4 &8404747764708818125 stripped
Transform:
  m_CorrespondingSourceObject: {fileID: 3468474170557850215, guid: 370a84dc46c5b2c43891a43e37191262,
    type: 3}
  m_PrefabInstance: {fileID: 4936463535875940010}
  m_PrefabAsset: {fileID: 0}
--- !u!1001 &4987252164418575810
PrefabInstance:
  m_ObjectHideFlags: 0
  serializedVersion: 2
  m_Modification:
    m_TransformParent: {fileID: 712204822457520477}
    m_Modifications:
    - target: {fileID: 1865662806541343521, guid: 997f32dc3fa63c541abfd824212450f5,
        type: 3}
      propertyPath: m_Name
      value: Basic Spawner Level
      objectReference: {fileID: 0}
    - target: {fileID: 3820699632069752871, guid: 997f32dc3fa63c541abfd824212450f5,
        type: 3}
      propertyPath: m_LocalPosition.x
      value: -0.5
      objectReference: {fileID: 0}
    - target: {fileID: 3820699632069752871, guid: 997f32dc3fa63c541abfd824212450f5,
        type: 3}
      propertyPath: m_LocalPosition.y
      value: -3.5
      objectReference: {fileID: 0}
    - target: {fileID: 3820699632069752871, guid: 997f32dc3fa63c541abfd824212450f5,
        type: 3}
      propertyPath: m_LocalPosition.z
      value: 0
      objectReference: {fileID: 0}
    - target: {fileID: 3820699632069752871, guid: 997f32dc3fa63c541abfd824212450f5,
        type: 3}
      propertyPath: m_LocalRotation.x
      value: 0
      objectReference: {fileID: 0}
    - target: {fileID: 3820699632069752871, guid: 997f32dc3fa63c541abfd824212450f5,
        type: 3}
      propertyPath: m_LocalRotation.y
      value: 0
      objectReference: {fileID: 0}
    - target: {fileID: 3820699632069752871, guid: 997f32dc3fa63c541abfd824212450f5,
        type: 3}
      propertyPath: m_LocalRotation.z
      value: 0
      objectReference: {fileID: 0}
    - target: {fileID: 3820699632069752871, guid: 997f32dc3fa63c541abfd824212450f5,
        type: 3}
      propertyPath: m_LocalRotation.w
      value: 1
      objectReference: {fileID: 0}
    - target: {fileID: 3820699632069752871, guid: 997f32dc3fa63c541abfd824212450f5,
        type: 3}
      propertyPath: m_RootOrder
      value: 18
      objectReference: {fileID: 0}
    - target: {fileID: 3820699632069752871, guid: 997f32dc3fa63c541abfd824212450f5,
        type: 3}
      propertyPath: m_LocalEulerAnglesHint.x
      value: 0
      objectReference: {fileID: 0}
    - target: {fileID: 3820699632069752871, guid: 997f32dc3fa63c541abfd824212450f5,
        type: 3}
      propertyPath: m_LocalEulerAnglesHint.y
      value: 0
      objectReference: {fileID: 0}
    - target: {fileID: 3820699632069752871, guid: 997f32dc3fa63c541abfd824212450f5,
        type: 3}
      propertyPath: m_LocalEulerAnglesHint.z
      value: 0
      objectReference: {fileID: 0}
    m_RemovedComponents: []
  m_SourcePrefab: {fileID: 100100000, guid: 997f32dc3fa63c541abfd824212450f5, type: 3}
--- !u!4 &8084978899270510053 stripped
Transform:
  m_CorrespondingSourceObject: {fileID: 3820699632069752871, guid: 997f32dc3fa63c541abfd824212450f5,
    type: 3}
  m_PrefabInstance: {fileID: 4987252164418575810}
  m_PrefabAsset: {fileID: 0}
--- !u!1001 &5135628455796663408
PrefabInstance:
  m_ObjectHideFlags: 0
  serializedVersion: 2
  m_Modification:
    m_TransformParent: {fileID: 712204822457520477}
    m_Modifications:
    - target: {fileID: 6206843214836477044, guid: 3217b791ab564684e82dacd6240e818f,
        type: 3}
      propertyPath: m_LocalPosition.x
      value: -5.81
      objectReference: {fileID: 0}
    - target: {fileID: 6206843214836477044, guid: 3217b791ab564684e82dacd6240e818f,
        type: 3}
      propertyPath: m_LocalPosition.y
      value: -3.5
      objectReference: {fileID: 0}
    - target: {fileID: 6206843214836477044, guid: 3217b791ab564684e82dacd6240e818f,
        type: 3}
      propertyPath: m_LocalPosition.z
      value: 9.7
      objectReference: {fileID: 0}
    - target: {fileID: 6206843214836477044, guid: 3217b791ab564684e82dacd6240e818f,
        type: 3}
      propertyPath: m_LocalRotation.x
      value: -0
      objectReference: {fileID: 0}
    - target: {fileID: 6206843214836477044, guid: 3217b791ab564684e82dacd6240e818f,
        type: 3}
      propertyPath: m_LocalRotation.y
      value: -0
      objectReference: {fileID: 0}
    - target: {fileID: 6206843214836477044, guid: 3217b791ab564684e82dacd6240e818f,
        type: 3}
      propertyPath: m_LocalRotation.z
      value: -0
      objectReference: {fileID: 0}
    - target: {fileID: 6206843214836477044, guid: 3217b791ab564684e82dacd6240e818f,
        type: 3}
      propertyPath: m_LocalRotation.w
      value: 1
      objectReference: {fileID: 0}
    - target: {fileID: 6206843214836477044, guid: 3217b791ab564684e82dacd6240e818f,
        type: 3}
      propertyPath: m_RootOrder
      value: 9
      objectReference: {fileID: 0}
    - target: {fileID: 6206843214836477044, guid: 3217b791ab564684e82dacd6240e818f,
        type: 3}
      propertyPath: m_LocalEulerAnglesHint.x
      value: 0
      objectReference: {fileID: 0}
    - target: {fileID: 6206843214836477044, guid: 3217b791ab564684e82dacd6240e818f,
        type: 3}
      propertyPath: m_LocalEulerAnglesHint.y
      value: 0
      objectReference: {fileID: 0}
    - target: {fileID: 6206843214836477044, guid: 3217b791ab564684e82dacd6240e818f,
        type: 3}
      propertyPath: m_LocalEulerAnglesHint.z
      value: 0
      objectReference: {fileID: 0}
    - target: {fileID: 8247124035331617780, guid: 3217b791ab564684e82dacd6240e818f,
        type: 3}
      propertyPath: m_Name
      value: dungeon_pot
      objectReference: {fileID: 0}
    m_RemovedComponents: []
  m_SourcePrefab: {fileID: 100100000, guid: 3217b791ab564684e82dacd6240e818f, type: 3}
--- !u!4 &1253770747642038276 stripped
Transform:
  m_CorrespondingSourceObject: {fileID: 6206843214836477044, guid: 3217b791ab564684e82dacd6240e818f,
    type: 3}
  m_PrefabInstance: {fileID: 5135628455796663408}
  m_PrefabAsset: {fileID: 0}
--- !u!1001 &6069085656146040468
PrefabInstance:
  m_ObjectHideFlags: 0
  serializedVersion: 2
  m_Modification:
    m_TransformParent: {fileID: 712204822457520477}
    m_Modifications:
    - target: {fileID: -9206695537162191333, guid: 647839368fe9d7c4a884b64457244fa1,
        type: 3}
      propertyPath: m_StaticEditorFlags
      value: 4294967295
      objectReference: {fileID: 0}
    - target: {fileID: -8679921383154817045, guid: 647839368fe9d7c4a884b64457244fa1,
        type: 3}
      propertyPath: m_LocalPosition.x
      value: 0
      objectReference: {fileID: 0}
    - target: {fileID: -8679921383154817045, guid: 647839368fe9d7c4a884b64457244fa1,
        type: 3}
      propertyPath: m_LocalPosition.y
      value: 0
      objectReference: {fileID: 0}
    - target: {fileID: -8679921383154817045, guid: 647839368fe9d7c4a884b64457244fa1,
        type: 3}
      propertyPath: m_LocalPosition.z
      value: 0
      objectReference: {fileID: 0}
    - target: {fileID: -8679921383154817045, guid: 647839368fe9d7c4a884b64457244fa1,
        type: 3}
      propertyPath: m_LocalRotation.x
      value: -0
      objectReference: {fileID: 0}
    - target: {fileID: -8679921383154817045, guid: 647839368fe9d7c4a884b64457244fa1,
        type: 3}
      propertyPath: m_LocalRotation.y
      value: -0
      objectReference: {fileID: 0}
    - target: {fileID: -8679921383154817045, guid: 647839368fe9d7c4a884b64457244fa1,
        type: 3}
      propertyPath: m_LocalRotation.z
      value: -0
      objectReference: {fileID: 0}
    - target: {fileID: -8679921383154817045, guid: 647839368fe9d7c4a884b64457244fa1,
        type: 3}
      propertyPath: m_LocalRotation.w
      value: 1
      objectReference: {fileID: 0}
    - target: {fileID: -8679921383154817045, guid: 647839368fe9d7c4a884b64457244fa1,
        type: 3}
      propertyPath: m_RootOrder
      value: 0
      objectReference: {fileID: 0}
    - target: {fileID: -8679921383154817045, guid: 647839368fe9d7c4a884b64457244fa1,
        type: 3}
      propertyPath: m_LocalEulerAnglesHint.x
      value: 0
      objectReference: {fileID: 0}
    - target: {fileID: -8679921383154817045, guid: 647839368fe9d7c4a884b64457244fa1,
        type: 3}
      propertyPath: m_LocalEulerAnglesHint.y
      value: 0
      objectReference: {fileID: 0}
    - target: {fileID: -8679921383154817045, guid: 647839368fe9d7c4a884b64457244fa1,
        type: 3}
      propertyPath: m_LocalEulerAnglesHint.z
      value: 0
      objectReference: {fileID: 0}
    - target: {fileID: -8001949476977566423, guid: 647839368fe9d7c4a884b64457244fa1,
        type: 3}
      propertyPath: m_CastShadows
      value: 2
      objectReference: {fileID: 0}
    - target: {fileID: -8001949476977566423, guid: 647839368fe9d7c4a884b64457244fa1,
        type: 3}
      propertyPath: m_Materials.Array.data[0]
      value: 
      objectReference: {fileID: 2100000, guid: ece60a240cb98a742810303f1afb24e6, type: 2}
    - target: {fileID: -3998787857208332606, guid: 647839368fe9d7c4a884b64457244fa1,
        type: 3}
      propertyPath: m_CastShadows
      value: 2
      objectReference: {fileID: 0}
    - target: {fileID: -3998787857208332606, guid: 647839368fe9d7c4a884b64457244fa1,
        type: 3}
      propertyPath: m_Materials.Array.data[0]
      value: 
      objectReference: {fileID: 2100000, guid: 32e0826440317b3489dac600e835663c, type: 2}
    - target: {fileID: -1443651555767219116, guid: 647839368fe9d7c4a884b64457244fa1,
        type: 3}
      propertyPath: m_StaticEditorFlags
      value: 4294967295
      objectReference: {fileID: 0}
    - target: {fileID: -354389364852406133, guid: 647839368fe9d7c4a884b64457244fa1,
        type: 3}
      propertyPath: m_CastShadows
      value: 2
      objectReference: {fileID: 0}
    - target: {fileID: -354389364852406133, guid: 647839368fe9d7c4a884b64457244fa1,
        type: 3}
      propertyPath: m_Materials.Array.data[0]
      value: 
      objectReference: {fileID: 2100000, guid: 7bed62a4f14ac4740a8963024fe99d8d, type: 2}
    - target: {fileID: 695324582903331963, guid: 647839368fe9d7c4a884b64457244fa1,
        type: 3}
      propertyPath: m_CastShadows
      value: 2
      objectReference: {fileID: 0}
    - target: {fileID: 695324582903331963, guid: 647839368fe9d7c4a884b64457244fa1,
        type: 3}
      propertyPath: m_Materials.Array.data[0]
      value: 
      objectReference: {fileID: 2100000, guid: 43a87c050510cf74ca453f7e821975a3, type: 2}
    - target: {fileID: 919132149155446097, guid: 647839368fe9d7c4a884b64457244fa1,
        type: 3}
      propertyPath: m_Name
      value: tile_room_small
      objectReference: {fileID: 0}
    - target: {fileID: 919132149155446097, guid: 647839368fe9d7c4a884b64457244fa1,
        type: 3}
      propertyPath: m_StaticEditorFlags
      value: 4294967295
      objectReference: {fileID: 0}
    - target: {fileID: 1193946712110217807, guid: 647839368fe9d7c4a884b64457244fa1,
        type: 3}
      propertyPath: m_StaticEditorFlags
      value: 4294967295
      objectReference: {fileID: 0}
    - target: {fileID: 2188574949794306580, guid: 647839368fe9d7c4a884b64457244fa1,
        type: 3}
      propertyPath: m_StaticEditorFlags
      value: 4294967295
      objectReference: {fileID: 0}
    - target: {fileID: 2886619818307955942, guid: 647839368fe9d7c4a884b64457244fa1,
        type: 3}
      propertyPath: m_StaticEditorFlags
      value: 4294967295
      objectReference: {fileID: 0}
    - target: {fileID: 3447021850261196377, guid: 647839368fe9d7c4a884b64457244fa1,
        type: 3}
      propertyPath: m_StaticEditorFlags
      value: 4294967295
      objectReference: {fileID: 0}
    - target: {fileID: 3493280872768360425, guid: 647839368fe9d7c4a884b64457244fa1,
        type: 3}
      propertyPath: m_CastShadows
      value: 2
      objectReference: {fileID: 0}
    - target: {fileID: 3493280872768360425, guid: 647839368fe9d7c4a884b64457244fa1,
        type: 3}
      propertyPath: m_Materials.Array.data[0]
      value: 
      objectReference: {fileID: 2100000, guid: ece60a240cb98a742810303f1afb24e6, type: 2}
    - target: {fileID: 4241407291326535885, guid: 647839368fe9d7c4a884b64457244fa1,
        type: 3}
      propertyPath: m_CastShadows
      value: 2
      objectReference: {fileID: 0}
    - target: {fileID: 4241407291326535885, guid: 647839368fe9d7c4a884b64457244fa1,
        type: 3}
      propertyPath: m_Materials.Array.data[0]
      value: 
      objectReference: {fileID: 2100000, guid: ece60a240cb98a742810303f1afb24e6, type: 2}
    - target: {fileID: 5248214253963695614, guid: 647839368fe9d7c4a884b64457244fa1,
        type: 3}
      propertyPath: m_StaticEditorFlags
      value: 4294967295
      objectReference: {fileID: 0}
    - target: {fileID: 8018846247744249101, guid: 647839368fe9d7c4a884b64457244fa1,
        type: 3}
      propertyPath: m_CastShadows
      value: 2
      objectReference: {fileID: 0}
    - target: {fileID: 8018846247744249101, guid: 647839368fe9d7c4a884b64457244fa1,
        type: 3}
      propertyPath: m_Materials.Array.data[0]
      value: 
      objectReference: {fileID: 2100000, guid: 32e0826440317b3489dac600e835663c, type: 2}
    - target: {fileID: 8270032413615309919, guid: 647839368fe9d7c4a884b64457244fa1,
        type: 3}
      propertyPath: m_CastShadows
      value: 2
      objectReference: {fileID: 0}
    - target: {fileID: 8270032413615309919, guid: 647839368fe9d7c4a884b64457244fa1,
        type: 3}
      propertyPath: m_Materials.Array.data[0]
      value: 
      objectReference: {fileID: 2100000, guid: 43a87c050510cf74ca453f7e821975a3, type: 2}
    - target: {fileID: 8662191681874756638, guid: 647839368fe9d7c4a884b64457244fa1,
        type: 3}
      propertyPath: m_StaticEditorFlags
      value: 4294967295
      objectReference: {fileID: 0}
    m_RemovedComponents: []
  m_SourcePrefab: {fileID: 100100000, guid: 647839368fe9d7c4a884b64457244fa1, type: 3}
--- !u!1 &8950601146139540082 stripped
GameObject:
  m_CorrespondingSourceObject: {fileID: 2886619818307955942, guid: 647839368fe9d7c4a884b64457244fa1,
    type: 3}
  m_PrefabInstance: {fileID: 6069085656146040468}
  m_PrefabAsset: {fileID: 0}
--- !u!1 &5361210371389394048 stripped
GameObject:
  m_CorrespondingSourceObject: {fileID: 2188574949794306580, guid: 647839368fe9d7c4a884b64457244fa1,
    type: 3}
  m_PrefabInstance: {fileID: 6069085656146040468}
  m_PrefabAsset: {fileID: 0}
--- !u!1 &6053548250777331855 stripped
GameObject:
  m_CorrespondingSourceObject: {fileID: -9206695537162191333, guid: 647839368fe9d7c4a884b64457244fa1,
    type: 3}
  m_PrefabInstance: {fileID: 6069085656146040468}
  m_PrefabAsset: {fileID: 0}
--- !u!1 &3175020484555035274 stripped
GameObject:
  m_CorrespondingSourceObject: {fileID: 8662191681874756638, guid: 647839368fe9d7c4a884b64457244fa1,
    type: 3}
  m_PrefabInstance: {fileID: 6069085656146040468}
  m_PrefabAsset: {fileID: 0}
--- !u!1 &4597796647052696256 stripped
GameObject:
  m_CorrespondingSourceObject: {fileID: -1443651555767219116, guid: 647839368fe9d7c4a884b64457244fa1,
    type: 3}
  m_PrefabInstance: {fileID: 6069085656146040468}
  m_PrefabAsset: {fileID: 0}
--- !u!1 &4947337277980536027 stripped
GameObject:
  m_CorrespondingSourceObject: {fileID: 1193946712110217807, guid: 647839368fe9d7c4a884b64457244fa1,
    type: 3}
  m_PrefabInstance: {fileID: 6069085656146040468}
  m_PrefabAsset: {fileID: 0}
--- !u!1 &2084285031725204330 stripped
GameObject:
  m_CorrespondingSourceObject: {fileID: 5248214253963695614, guid: 647839368fe9d7c4a884b64457244fa1,
    type: 3}
  m_PrefabInstance: {fileID: 6069085656146040468}
  m_PrefabAsset: {fileID: 0}
--- !u!1 &8930621721473767629 stripped
GameObject:
  m_CorrespondingSourceObject: {fileID: 3447021850261196377, guid: 647839368fe9d7c4a884b64457244fa1,
    type: 3}
  m_PrefabInstance: {fileID: 6069085656146040468}
  m_PrefabAsset: {fileID: 0}
--- !u!4 &6031164612814942591 stripped
Transform:
  m_CorrespondingSourceObject: {fileID: -8679921383154817045, guid: 647839368fe9d7c4a884b64457244fa1,
    type: 3}
  m_PrefabInstance: {fileID: 6069085656146040468}
  m_PrefabAsset: {fileID: 0}
--- !u!1001 &6356191123502187655
PrefabInstance:
  m_ObjectHideFlags: 0
  serializedVersion: 2
  m_Modification:
    m_TransformParent: {fileID: 712204822457520477}
    m_Modifications:
    - target: {fileID: 7288370885715300234, guid: fa68b65c6622e894982a088d91f4dc7b,
        type: 3}
      propertyPath: m_Name
      value: dungeon_chains
      objectReference: {fileID: 0}
    - target: {fileID: 7362447568217743651, guid: fa68b65c6622e894982a088d91f4dc7b,
        type: 3}
      propertyPath: m_LocalPosition.x
      value: -4
      objectReference: {fileID: 0}
    - target: {fileID: 7362447568217743651, guid: fa68b65c6622e894982a088d91f4dc7b,
        type: 3}
      propertyPath: m_LocalPosition.y
      value: 3.4999995
      objectReference: {fileID: 0}
    - target: {fileID: 7362447568217743651, guid: fa68b65c6622e894982a088d91f4dc7b,
        type: 3}
      propertyPath: m_LocalPosition.z
      value: 5
      objectReference: {fileID: 0}
    - target: {fileID: 7362447568217743651, guid: fa68b65c6622e894982a088d91f4dc7b,
        type: 3}
      propertyPath: m_LocalRotation.x
      value: -0
      objectReference: {fileID: 0}
    - target: {fileID: 7362447568217743651, guid: fa68b65c6622e894982a088d91f4dc7b,
        type: 3}
      propertyPath: m_LocalRotation.y
      value: -0.70710677
      objectReference: {fileID: 0}
    - target: {fileID: 7362447568217743651, guid: fa68b65c6622e894982a088d91f4dc7b,
        type: 3}
      propertyPath: m_LocalRotation.z
      value: -0
      objectReference: {fileID: 0}
    - target: {fileID: 7362447568217743651, guid: fa68b65c6622e894982a088d91f4dc7b,
        type: 3}
      propertyPath: m_LocalRotation.w
      value: 0.7071068
      objectReference: {fileID: 0}
    - target: {fileID: 7362447568217743651, guid: fa68b65c6622e894982a088d91f4dc7b,
        type: 3}
      propertyPath: m_RootOrder
      value: 8
      objectReference: {fileID: 0}
    - target: {fileID: 7362447568217743651, guid: fa68b65c6622e894982a088d91f4dc7b,
        type: 3}
      propertyPath: m_LocalEulerAnglesHint.x
      value: 0
      objectReference: {fileID: 0}
    - target: {fileID: 7362447568217743651, guid: fa68b65c6622e894982a088d91f4dc7b,
        type: 3}
      propertyPath: m_LocalEulerAnglesHint.y
      value: -90
      objectReference: {fileID: 0}
    - target: {fileID: 7362447568217743651, guid: fa68b65c6622e894982a088d91f4dc7b,
        type: 3}
      propertyPath: m_LocalEulerAnglesHint.z
      value: 0
      objectReference: {fileID: 0}
    m_RemovedComponents: []
  m_SourcePrefab: {fileID: 100100000, guid: fa68b65c6622e894982a088d91f4dc7b, type: 3}
--- !u!4 &4474626569705907620 stripped
Transform:
  m_CorrespondingSourceObject: {fileID: 7362447568217743651, guid: fa68b65c6622e894982a088d91f4dc7b,
    type: 3}
  m_PrefabInstance: {fileID: 6356191123502187655}
  m_PrefabAsset: {fileID: 0}
--- !u!1001 &6374082471964171902
PrefabInstance:
  m_ObjectHideFlags: 0
  serializedVersion: 2
  m_Modification:
    m_TransformParent: {fileID: 712204822457520477}
    m_Modifications:
    - target: {fileID: 2905539288476273452, guid: 68c5baa32839e574b82f18f3c251b2be,
        type: 3}
      propertyPath: m_Name
      value: dungeon_hay
      objectReference: {fileID: 0}
    - target: {fileID: 8681793896326493512, guid: 68c5baa32839e574b82f18f3c251b2be,
        type: 3}
      propertyPath: m_LocalPosition.x
      value: -5
      objectReference: {fileID: 0}
    - target: {fileID: 8681793896326493512, guid: 68c5baa32839e574b82f18f3c251b2be,
        type: 3}
      propertyPath: m_LocalPosition.y
      value: -3.5000002
      objectReference: {fileID: 0}
    - target: {fileID: 8681793896326493512, guid: 68c5baa32839e574b82f18f3c251b2be,
        type: 3}
      propertyPath: m_LocalPosition.z
      value: 6.4544945
      objectReference: {fileID: 0}
    - target: {fileID: 8681793896326493512, guid: 68c5baa32839e574b82f18f3c251b2be,
        type: 3}
      propertyPath: m_LocalRotation.x
      value: -0
      objectReference: {fileID: 0}
    - target: {fileID: 8681793896326493512, guid: 68c5baa32839e574b82f18f3c251b2be,
        type: 3}
      propertyPath: m_LocalRotation.y
      value: -0
      objectReference: {fileID: 0}
    - target: {fileID: 8681793896326493512, guid: 68c5baa32839e574b82f18f3c251b2be,
        type: 3}
      propertyPath: m_LocalRotation.z
      value: -0
      objectReference: {fileID: 0}
    - target: {fileID: 8681793896326493512, guid: 68c5baa32839e574b82f18f3c251b2be,
        type: 3}
      propertyPath: m_LocalRotation.w
      value: 1
      objectReference: {fileID: 0}
    - target: {fileID: 8681793896326493512, guid: 68c5baa32839e574b82f18f3c251b2be,
        type: 3}
      propertyPath: m_RootOrder
      value: 11
      objectReference: {fileID: 0}
    - target: {fileID: 8681793896326493512, guid: 68c5baa32839e574b82f18f3c251b2be,
        type: 3}
      propertyPath: m_LocalEulerAnglesHint.x
      value: 0
      objectReference: {fileID: 0}
    - target: {fileID: 8681793896326493512, guid: 68c5baa32839e574b82f18f3c251b2be,
        type: 3}
      propertyPath: m_LocalEulerAnglesHint.y
      value: 0
      objectReference: {fileID: 0}
    - target: {fileID: 8681793896326493512, guid: 68c5baa32839e574b82f18f3c251b2be,
        type: 3}
      propertyPath: m_LocalEulerAnglesHint.z
      value: 0
      objectReference: {fileID: 0}
    m_RemovedComponents: []
  m_SourcePrefab: {fileID: 100100000, guid: 68c5baa32839e574b82f18f3c251b2be, type: 3}
--- !u!4 &2309968034682776374 stripped
Transform:
  m_CorrespondingSourceObject: {fileID: 8681793896326493512, guid: 68c5baa32839e574b82f18f3c251b2be,
    type: 3}
  m_PrefabInstance: {fileID: 6374082471964171902}
  m_PrefabAsset: {fileID: 0}
--- !u!1001 &6619011258634598960
PrefabInstance:
  m_ObjectHideFlags: 0
  serializedVersion: 2
  m_Modification:
    m_TransformParent: {fileID: 712204822457520477}
    m_Modifications:
    - target: {fileID: 8737848492515504577, guid: 865b43503615893438b398788b14f7fa,
        type: 3}
      propertyPath: m_LocalPosition.x
      value: 0.2795334
      objectReference: {fileID: 0}
    - target: {fileID: 8737848492515504577, guid: 865b43503615893438b398788b14f7fa,
        type: 3}
      propertyPath: m_LocalPosition.y
      value: 3
      objectReference: {fileID: 0}
    - target: {fileID: 8737848492515504577, guid: 865b43503615893438b398788b14f7fa,
        type: 3}
      propertyPath: m_LocalPosition.z
      value: -0.5
      objectReference: {fileID: 0}
    - target: {fileID: 8737848492515504577, guid: 865b43503615893438b398788b14f7fa,
        type: 3}
      propertyPath: m_LocalRotation.x
      value: -0
      objectReference: {fileID: 0}
    - target: {fileID: 8737848492515504577, guid: 865b43503615893438b398788b14f7fa,
        type: 3}
      propertyPath: m_LocalRotation.y
      value: -0
      objectReference: {fileID: 0}
    - target: {fileID: 8737848492515504577, guid: 865b43503615893438b398788b14f7fa,
        type: 3}
      propertyPath: m_LocalRotation.z
      value: -0
      objectReference: {fileID: 0}
    - target: {fileID: 8737848492515504577, guid: 865b43503615893438b398788b14f7fa,
        type: 3}
      propertyPath: m_LocalRotation.w
      value: 1
      objectReference: {fileID: 0}
    - target: {fileID: 8737848492515504577, guid: 865b43503615893438b398788b14f7fa,
        type: 3}
      propertyPath: m_RootOrder
      value: 12
      objectReference: {fileID: 0}
    - target: {fileID: 8737848492515504577, guid: 865b43503615893438b398788b14f7fa,
        type: 3}
      propertyPath: m_LocalEulerAnglesHint.x
      value: 0
      objectReference: {fileID: 0}
    - target: {fileID: 8737848492515504577, guid: 865b43503615893438b398788b14f7fa,
        type: 3}
      propertyPath: m_LocalEulerAnglesHint.y
      value: 0
      objectReference: {fileID: 0}
    - target: {fileID: 8737848492515504577, guid: 865b43503615893438b398788b14f7fa,
        type: 3}
      propertyPath: m_LocalEulerAnglesHint.z
      value: 0
      objectReference: {fileID: 0}
    - target: {fileID: 8737848492515504588, guid: 865b43503615893438b398788b14f7fa,
        type: 3}
      propertyPath: m_Name
      value: Enemy Variant Shoot Turret
      objectReference: {fileID: 0}
    m_RemovedComponents: []
  m_SourcePrefab: {fileID: 100100000, guid: 865b43503615893438b398788b14f7fa, type: 3}
--- !u!4 &2492849334587509745 stripped
Transform:
  m_CorrespondingSourceObject: {fileID: 8737848492515504577, guid: 865b43503615893438b398788b14f7fa,
    type: 3}
  m_PrefabInstance: {fileID: 6619011258634598960}
  m_PrefabAsset: {fileID: 0}
--- !u!1001 &6677551134158127141
PrefabInstance:
  m_ObjectHideFlags: 0
  serializedVersion: 2
  m_Modification:
    m_TransformParent: {fileID: 712204822457520477}
    m_Modifications:
    - target: {fileID: 3827401120674770307, guid: 04ce9c606333b674381deb48f233a277,
        type: 3}
      propertyPath: m_LocalPosition.x
      value: 4
      objectReference: {fileID: 0}
    - target: {fileID: 3827401120674770307, guid: 04ce9c606333b674381deb48f233a277,
        type: 3}
      propertyPath: m_LocalPosition.y
      value: -0.5
      objectReference: {fileID: 0}
    - target: {fileID: 3827401120674770307, guid: 04ce9c606333b674381deb48f233a277,
        type: 3}
      propertyPath: m_LocalPosition.z
      value: 12
      objectReference: {fileID: 0}
    - target: {fileID: 3827401120674770307, guid: 04ce9c606333b674381deb48f233a277,
        type: 3}
      propertyPath: m_LocalRotation.x
      value: 0
      objectReference: {fileID: 0}
    - target: {fileID: 3827401120674770307, guid: 04ce9c606333b674381deb48f233a277,
        type: 3}
      propertyPath: m_LocalRotation.y
      value: 0
      objectReference: {fileID: 0}
    - target: {fileID: 3827401120674770307, guid: 04ce9c606333b674381deb48f233a277,
        type: 3}
      propertyPath: m_LocalRotation.z
      value: 0
      objectReference: {fileID: 0}
    - target: {fileID: 3827401120674770307, guid: 04ce9c606333b674381deb48f233a277,
        type: 3}
      propertyPath: m_LocalRotation.w
      value: 1
      objectReference: {fileID: 0}
    - target: {fileID: 3827401120674770307, guid: 04ce9c606333b674381deb48f233a277,
        type: 3}
      propertyPath: m_RootOrder
      value: 2
      objectReference: {fileID: 0}
    - target: {fileID: 3827401120674770307, guid: 04ce9c606333b674381deb48f233a277,
        type: 3}
      propertyPath: m_LocalEulerAnglesHint.x
      value: 0
      objectReference: {fileID: 0}
    - target: {fileID: 3827401120674770307, guid: 04ce9c606333b674381deb48f233a277,
        type: 3}
      propertyPath: m_LocalEulerAnglesHint.y
      value: 0
      objectReference: {fileID: 0}
    - target: {fileID: 3827401120674770307, guid: 04ce9c606333b674381deb48f233a277,
        type: 3}
      propertyPath: m_LocalEulerAnglesHint.z
      value: 0
      objectReference: {fileID: 0}
    - target: {fileID: 8935671478945291720, guid: 04ce9c606333b674381deb48f233a277,
        type: 3}
      propertyPath: m_Name
      value: Pathway
      objectReference: {fileID: 0}
    m_RemovedComponents: []
  m_SourcePrefab: {fileID: 100100000, guid: 04ce9c606333b674381deb48f233a277, type: 3}
--- !u!114 &8744972017515537070 stripped
MonoBehaviour:
  m_CorrespondingSourceObject: {fileID: 2735669416405377675, guid: 04ce9c606333b674381deb48f233a277,
    type: 3}
  m_PrefabInstance: {fileID: 6677551134158127141}
  m_PrefabAsset: {fileID: 0}
  m_GameObject: {fileID: 0}
  m_Enabled: 1
  m_EditorHideFlags: 0
  m_Script: {fileID: 11500000, guid: dd60658e6871a844788f7768b8dd9a51, type: 3}
  m_Name: 
  m_EditorClassIdentifier: 
--- !u!4 &7617491783244639654 stripped
Transform:
  m_CorrespondingSourceObject: {fileID: 3827401120674770307, guid: 04ce9c606333b674381deb48f233a277,
    type: 3}
  m_PrefabInstance: {fileID: 6677551134158127141}
  m_PrefabAsset: {fileID: 0}
--- !u!1001 &7436754742962228974
PrefabInstance:
  m_ObjectHideFlags: 0
  serializedVersion: 2
  m_Modification:
    m_TransformParent: {fileID: 712204822457520477}
    m_Modifications:
    - target: {fileID: 3751680371362775651, guid: bb3318df31e8aba4498df15ae81aa657,
        type: 3}
      propertyPath: m_LocalPosition.x
      value: -3
      objectReference: {fileID: 0}
    - target: {fileID: 3751680371362775651, guid: bb3318df31e8aba4498df15ae81aa657,
        type: 3}
      propertyPath: m_LocalPosition.y
      value: -0.47653526
      objectReference: {fileID: 0}
    - target: {fileID: 3751680371362775651, guid: bb3318df31e8aba4498df15ae81aa657,
        type: 3}
      propertyPath: m_LocalPosition.z
      value: 11
      objectReference: {fileID: 0}
    - target: {fileID: 3751680371362775651, guid: bb3318df31e8aba4498df15ae81aa657,
        type: 3}
      propertyPath: m_LocalRotation.x
      value: -0
      objectReference: {fileID: 0}
    - target: {fileID: 3751680371362775651, guid: bb3318df31e8aba4498df15ae81aa657,
        type: 3}
      propertyPath: m_LocalRotation.y
      value: -1
      objectReference: {fileID: 0}
    - target: {fileID: 3751680371362775651, guid: bb3318df31e8aba4498df15ae81aa657,
        type: 3}
      propertyPath: m_LocalRotation.z
      value: -0
      objectReference: {fileID: 0}
    - target: {fileID: 3751680371362775651, guid: bb3318df31e8aba4498df15ae81aa657,
        type: 3}
      propertyPath: m_LocalRotation.w
      value: 0.00000020861623
      objectReference: {fileID: 0}
    - target: {fileID: 3751680371362775651, guid: bb3318df31e8aba4498df15ae81aa657,
        type: 3}
      propertyPath: m_RootOrder
      value: 7
      objectReference: {fileID: 0}
    - target: {fileID: 3751680371362775651, guid: bb3318df31e8aba4498df15ae81aa657,
        type: 3}
      propertyPath: m_LocalEulerAnglesHint.x
      value: 0
      objectReference: {fileID: 0}
    - target: {fileID: 3751680371362775651, guid: bb3318df31e8aba4498df15ae81aa657,
        type: 3}
      propertyPath: m_LocalEulerAnglesHint.y
      value: -180
      objectReference: {fileID: 0}
    - target: {fileID: 3751680371362775651, guid: bb3318df31e8aba4498df15ae81aa657,
        type: 3}
      propertyPath: m_LocalEulerAnglesHint.z
      value: 0
      objectReference: {fileID: 0}
    - target: {fileID: 7540878468726180491, guid: bb3318df31e8aba4498df15ae81aa657,
        type: 3}
      propertyPath: m_Name
      value: deco_torch_small
      objectReference: {fileID: 0}
    m_RemovedComponents: []
  m_SourcePrefab: {fileID: 100100000, guid: bb3318df31e8aba4498df15ae81aa657, type: 3}
--- !u!4 &5990927023014759565 stripped
Transform:
  m_CorrespondingSourceObject: {fileID: 3751680371362775651, guid: bb3318df31e8aba4498df15ae81aa657,
    type: 3}
  m_PrefabInstance: {fileID: 7436754742962228974}
  m_PrefabAsset: {fileID: 0}
--- !u!1001 &8054551969638278259
PrefabInstance:
  m_ObjectHideFlags: 0
  serializedVersion: 2
  m_Modification:
    m_TransformParent: {fileID: 712204822457520477}
    m_Modifications:
    - target: {fileID: 3468474170557850215, guid: 370a84dc46c5b2c43891a43e37191262,
        type: 3}
      propertyPath: m_LocalPosition.x
      value: 7.5
      objectReference: {fileID: 0}
    - target: {fileID: 3468474170557850215, guid: 370a84dc46c5b2c43891a43e37191262,
        type: 3}
      propertyPath: m_LocalPosition.y
      value: -3.5
      objectReference: {fileID: 0}
    - target: {fileID: 3468474170557850215, guid: 370a84dc46c5b2c43891a43e37191262,
        type: 3}
      propertyPath: m_LocalPosition.z
      value: 0
      objectReference: {fileID: 0}
    - target: {fileID: 3468474170557850215, guid: 370a84dc46c5b2c43891a43e37191262,
        type: 3}
      propertyPath: m_LocalRotation.x
      value: -0
      objectReference: {fileID: 0}
    - target: {fileID: 3468474170557850215, guid: 370a84dc46c5b2c43891a43e37191262,
        type: 3}
      propertyPath: m_LocalRotation.y
      value: -0.70710677
      objectReference: {fileID: 0}
    - target: {fileID: 3468474170557850215, guid: 370a84dc46c5b2c43891a43e37191262,
        type: 3}
      propertyPath: m_LocalRotation.z
      value: -0
      objectReference: {fileID: 0}
    - target: {fileID: 3468474170557850215, guid: 370a84dc46c5b2c43891a43e37191262,
        type: 3}
      propertyPath: m_LocalRotation.w
      value: -0.7071069
      objectReference: {fileID: 0}
    - target: {fileID: 3468474170557850215, guid: 370a84dc46c5b2c43891a43e37191262,
        type: 3}
      propertyPath: m_RootOrder
      value: 16
      objectReference: {fileID: 0}
    - target: {fileID: 3468474170557850215, guid: 370a84dc46c5b2c43891a43e37191262,
        type: 3}
      propertyPath: m_LocalEulerAnglesHint.x
      value: 0
      objectReference: {fileID: 0}
    - target: {fileID: 3468474170557850215, guid: 370a84dc46c5b2c43891a43e37191262,
        type: 3}
      propertyPath: m_LocalEulerAnglesHint.y
      value: -270
      objectReference: {fileID: 0}
    - target: {fileID: 3468474170557850215, guid: 370a84dc46c5b2c43891a43e37191262,
        type: 3}
      propertyPath: m_LocalEulerAnglesHint.z
      value: 0
      objectReference: {fileID: 0}
    - target: {fileID: 6212958151005124288, guid: 370a84dc46c5b2c43891a43e37191262,
        type: 3}
      propertyPath: m_Name
      value: dungeon_arch (3)
      objectReference: {fileID: 0}
    m_RemovedComponents: []
  m_SourcePrefab: {fileID: 100100000, guid: 370a84dc46c5b2c43891a43e37191262, type: 3}
--- !u!4 &6910204866342258196 stripped
Transform:
  m_CorrespondingSourceObject: {fileID: 3468474170557850215, guid: 370a84dc46c5b2c43891a43e37191262,
    type: 3}
  m_PrefabInstance: {fileID: 8054551969638278259}
  m_PrefabAsset: {fileID: 0}
--- !u!1001 &8418087332848933561
PrefabInstance:
  m_ObjectHideFlags: 0
  serializedVersion: 2
  m_Modification:
    m_TransformParent: {fileID: 712204822457520477}
    m_Modifications:
    - target: {fileID: 2338142974307013716, guid: ba44fb207ef7f654bb2ca8b8cf33ddf2,
        type: 3}
      propertyPath: m_LocalPosition.x
      value: -1
      objectReference: {fileID: 0}
    - target: {fileID: 2338142974307013716, guid: ba44fb207ef7f654bb2ca8b8cf33ddf2,
        type: 3}
      propertyPath: m_LocalPosition.y
      value: -3.5
      objectReference: {fileID: 0}
    - target: {fileID: 2338142974307013716, guid: ba44fb207ef7f654bb2ca8b8cf33ddf2,
        type: 3}
      propertyPath: m_LocalPosition.z
      value: 9
      objectReference: {fileID: 0}
    - target: {fileID: 2338142974307013716, guid: ba44fb207ef7f654bb2ca8b8cf33ddf2,
        type: 3}
      propertyPath: m_LocalRotation.x
      value: 0
      objectReference: {fileID: 0}
    - target: {fileID: 2338142974307013716, guid: ba44fb207ef7f654bb2ca8b8cf33ddf2,
        type: 3}
      propertyPath: m_LocalRotation.y
      value: 0
      objectReference: {fileID: 0}
    - target: {fileID: 2338142974307013716, guid: ba44fb207ef7f654bb2ca8b8cf33ddf2,
        type: 3}
      propertyPath: m_LocalRotation.z
      value: 0
      objectReference: {fileID: 0}
    - target: {fileID: 2338142974307013716, guid: ba44fb207ef7f654bb2ca8b8cf33ddf2,
        type: 3}
      propertyPath: m_LocalRotation.w
      value: 1
      objectReference: {fileID: 0}
    - target: {fileID: 2338142974307013716, guid: ba44fb207ef7f654bb2ca8b8cf33ddf2,
        type: 3}
      propertyPath: m_RootOrder
      value: 19
      objectReference: {fileID: 0}
    - target: {fileID: 2338142974307013716, guid: ba44fb207ef7f654bb2ca8b8cf33ddf2,
        type: 3}
      propertyPath: m_LocalEulerAnglesHint.x
      value: 0
      objectReference: {fileID: 0}
    - target: {fileID: 2338142974307013716, guid: ba44fb207ef7f654bb2ca8b8cf33ddf2,
        type: 3}
      propertyPath: m_LocalEulerAnglesHint.y
      value: 0
      objectReference: {fileID: 0}
    - target: {fileID: 2338142974307013716, guid: ba44fb207ef7f654bb2ca8b8cf33ddf2,
        type: 3}
      propertyPath: m_LocalEulerAnglesHint.z
      value: 0
      objectReference: {fileID: 0}
    - target: {fileID: 2338142974307013718, guid: ba44fb207ef7f654bb2ca8b8cf33ddf2,
        type: 3}
      propertyPath: m_Name
      value: Enemy Spawner
      objectReference: {fileID: 0}
    m_RemovedComponents: []
  m_SourcePrefab: {fileID: 100100000, guid: ba44fb207ef7f654bb2ca8b8cf33ddf2, type: 3}
--- !u!4 &6098381258386575085 stripped
Transform:
  m_CorrespondingSourceObject: {fileID: 2338142974307013716, guid: ba44fb207ef7f654bb2ca8b8cf33ddf2,
    type: 3}
  m_PrefabInstance: {fileID: 8418087332848933561}
  m_PrefabAsset: {fileID: 0}
--- !u!1001 &8811973939495442506
PrefabInstance:
  m_ObjectHideFlags: 0
  serializedVersion: 2
  m_Modification:
    m_TransformParent: {fileID: 712204822457520477}
    m_Modifications:
    - target: {fileID: 487243255437973317, guid: 740648b0b996ba148a76e0d9b869fb16,
        type: 3}
      propertyPath: m_Size.x
      value: 16
      objectReference: {fileID: 0}
    - target: {fileID: 487243255437973317, guid: 740648b0b996ba148a76e0d9b869fb16,
        type: 3}
      propertyPath: m_Size.y
      value: 8
      objectReference: {fileID: 0}
    - target: {fileID: 487243255437973317, guid: 740648b0b996ba148a76e0d9b869fb16,
        type: 3}
      propertyPath: m_Size.z
      value: 24
      objectReference: {fileID: 0}
    - target: {fileID: 487243255437973317, guid: 740648b0b996ba148a76e0d9b869fb16,
        type: 3}
      propertyPath: m_Center.y
      value: -0.5
      objectReference: {fileID: 0}
    - target: {fileID: 1417693665624029033, guid: 740648b0b996ba148a76e0d9b869fb16,
        type: 3}
      propertyPath: m_Name
      value: Area Data
      objectReference: {fileID: 0}
    - target: {fileID: 4268913019039595364, guid: 740648b0b996ba148a76e0d9b869fb16,
        type: 3}
      propertyPath: pathWays.Array.size
      value: 4
      objectReference: {fileID: 0}
    - target: {fileID: 4268913019039595364, guid: 740648b0b996ba148a76e0d9b869fb16,
        type: 3}
      propertyPath: rootObj
      value: 
      objectReference: {fileID: 712204822457520477}
    - target: {fileID: 4268913019039595364, guid: 740648b0b996ba148a76e0d9b869fb16,
        type: 3}
      propertyPath: pathWays.Array.data[0]
      value: 
      objectReference: {fileID: 8744972017515537070}
    - target: {fileID: 4268913019039595364, guid: 740648b0b996ba148a76e0d9b869fb16,
        type: 3}
      propertyPath: pathWays.Array.data[1]
      value: 
      objectReference: {fileID: 132955171770601996}
    - target: {fileID: 4268913019039595364, guid: 740648b0b996ba148a76e0d9b869fb16,
        type: 3}
      propertyPath: pathWays.Array.data[2]
      value: 
      objectReference: {fileID: 4213397564803604089}
    - target: {fileID: 4268913019039595364, guid: 740648b0b996ba148a76e0d9b869fb16,
        type: 3}
      propertyPath: pathWays.Array.data[3]
      value: 
      objectReference: {fileID: 3411074772056244982}
    - target: {fileID: 6391699724059656138, guid: 740648b0b996ba148a76e0d9b869fb16,
        type: 3}
      propertyPath: m_LocalPosition.x
      value: 0
      objectReference: {fileID: 0}
    - target: {fileID: 6391699724059656138, guid: 740648b0b996ba148a76e0d9b869fb16,
        type: 3}
      propertyPath: m_LocalPosition.y
      value: 0
      objectReference: {fileID: 0}
    - target: {fileID: 6391699724059656138, guid: 740648b0b996ba148a76e0d9b869fb16,
        type: 3}
      propertyPath: m_LocalPosition.z
      value: 0
      objectReference: {fileID: 0}
    - target: {fileID: 6391699724059656138, guid: 740648b0b996ba148a76e0d9b869fb16,
        type: 3}
      propertyPath: m_LocalRotation.x
      value: -0
      objectReference: {fileID: 0}
    - target: {fileID: 6391699724059656138, guid: 740648b0b996ba148a76e0d9b869fb16,
        type: 3}
      propertyPath: m_LocalRotation.y
      value: -0
      objectReference: {fileID: 0}
    - target: {fileID: 6391699724059656138, guid: 740648b0b996ba148a76e0d9b869fb16,
        type: 3}
      propertyPath: m_LocalRotation.z
      value: -0
      objectReference: {fileID: 0}
    - target: {fileID: 6391699724059656138, guid: 740648b0b996ba148a76e0d9b869fb16,
        type: 3}
      propertyPath: m_LocalRotation.w
      value: 1
      objectReference: {fileID: 0}
    - target: {fileID: 6391699724059656138, guid: 740648b0b996ba148a76e0d9b869fb16,
        type: 3}
      propertyPath: m_RootOrder
      value: 1
      objectReference: {fileID: 0}
    - target: {fileID: 6391699724059656138, guid: 740648b0b996ba148a76e0d9b869fb16,
        type: 3}
      propertyPath: m_LocalEulerAnglesHint.x
      value: 0
      objectReference: {fileID: 0}
    - target: {fileID: 6391699724059656138, guid: 740648b0b996ba148a76e0d9b869fb16,
        type: 3}
      propertyPath: m_LocalEulerAnglesHint.y
      value: 0
      objectReference: {fileID: 0}
    - target: {fileID: 6391699724059656138, guid: 740648b0b996ba148a76e0d9b869fb16,
        type: 3}
      propertyPath: m_LocalEulerAnglesHint.z
      value: 0
      objectReference: {fileID: 0}
    m_RemovedComponents: []
  m_SourcePrefab: {fileID: 100100000, guid: 740648b0b996ba148a76e0d9b869fb16, type: 3}
--- !u!4 &2520197838947329920 stripped
Transform:
  m_CorrespondingSourceObject: {fileID: 6391699724059656138, guid: 740648b0b996ba148a76e0d9b869fb16,
    type: 3}
  m_PrefabInstance: {fileID: 8811973939495442506}
  m_PrefabAsset: {fileID: 0}
