%YAML 1.1
%TAG !u! tag:unity3d.com,2011:
--- !u!64 &76831580036732521
MeshCollider:
  m_ObjectHideFlags: 0
  m_CorrespondingSourceObject: {fileID: 0}
  m_PrefabInstance: {fileID: 0}
  m_PrefabAsset: {fileID: 0}
  m_GameObject: {fileID: 41208950628685649}
  m_Material: {fileID: 0}
  m_IsTrigger: 0
  m_Enabled: 1
  serializedVersion: 4
  m_Convex: 0
  m_CookingOptions: 30
  m_Mesh: {fileID: -8113768720884857512, guid: dfcb8be3413656846b99ecf3a2eb71cf, type: 3}
--- !u!1 &55743185167759551
GameObject:
  m_ObjectHideFlags: 0
  m_CorrespondingSourceObject: {fileID: 0}
  m_PrefabInstance: {fileID: 0}
  m_PrefabAsset: {fileID: 0}
  serializedVersion: 6
  m_Component:
  - component: {fileID: 646103091836396329}
  m_Layer: 0
  m_Name: tile_dungeon_deco_single_straight
  m_TagString: Untagged
  m_Icon: {fileID: 0}
  m_NavMeshLayer: 0
  m_StaticEditorFlags: 0
  m_IsActive: 1
--- !u!4 &646103091836396329
Transform:
  m_ObjectHideFlags: 0
  m_CorrespondingSourceObject: {fileID: 0}
  m_PrefabInstance: {fileID: 0}
  m_PrefabAsset: {fileID: 0}
  m_GameObject: {fileID: 55743185167759551}
  m_LocalRotation: {x: 0, y: 0, z: 0, w: 1}
  m_LocalPosition: {x: 0, y: 0, z: 0}
  m_LocalScale: {x: 1, y: 1, z: 1}
  m_Children:
  - {fileID: 5937095346815835297}
  - {fileID: 1369427715290968594}
  m_Father: {fileID: 0}
  m_RootOrder: 0
  m_LocalEulerAnglesHint: {x: 0, y: 0, z: 0}
--- !u!64 &8114256416296070903
MeshCollider:
  m_ObjectHideFlags: 0
  m_CorrespondingSourceObject: {fileID: 0}
  m_PrefabInstance: {fileID: 0}
  m_PrefabAsset: {fileID: 0}
  m_GameObject: {fileID: 832111182785087598}
  m_Material: {fileID: 0}
  m_IsTrigger: 0
  m_Enabled: 1
  serializedVersion: 4
  m_Convex: 0
  m_CookingOptions: 30
  m_Mesh: {fileID: -3996760141626369306, guid: dfcb8be3413656846b99ecf3a2eb71cf, type: 3}
--- !u!64 &1008245135364190069
MeshCollider:
  m_ObjectHideFlags: 0
  m_CorrespondingSourceObject: {fileID: 0}
  m_PrefabInstance: {fileID: 0}
  m_PrefabAsset: {fileID: 0}
  m_GameObject: {fileID: 2659593885891065783}
  m_Material: {fileID: 0}
  m_IsTrigger: 0
  m_Enabled: 1
  serializedVersion: 4
  m_Convex: 0
  m_CookingOptions: 30
  m_Mesh: {fileID: -3292925553009838691, guid: dfcb8be3413656846b99ecf3a2eb71cf, type: 3}
--- !u!64 &6320768995370244392
MeshCollider:
  m_ObjectHideFlags: 0
  m_CorrespondingSourceObject: {fileID: 0}
  m_PrefabInstance: {fileID: 0}
  m_PrefabAsset: {fileID: 0}
  m_GameObject: {fileID: 2701266258466868507}
  m_Material: {fileID: 0}
  m_IsTrigger: 0
  m_Enabled: 1
  serializedVersion: 4
  m_Convex: 0
  m_CookingOptions: 30
  m_Mesh: {fileID: 2329337605302135289, guid: dfcb8be3413656846b99ecf3a2eb71cf, type: 3}
--- !u!64 &426985169385087383
MeshCollider:
  m_ObjectHideFlags: 0
  m_CorrespondingSourceObject: {fileID: 0}
  m_PrefabInstance: {fileID: 0}
  m_PrefabAsset: {fileID: 0}
  m_GameObject: {fileID: 3843841981276139217}
  m_Material: {fileID: 0}
  m_IsTrigger: 0
  m_Enabled: 1
  serializedVersion: 4
  m_Convex: 0
  m_CookingOptions: 30
  m_Mesh: {fileID: 9186633843763367028, guid: dfcb8be3413656846b99ecf3a2eb71cf, type: 3}
--- !u!64 &5786492261196829494
MeshCollider:
  m_ObjectHideFlags: 0
  m_CorrespondingSourceObject: {fileID: 0}
  m_PrefabInstance: {fileID: 0}
  m_PrefabAsset: {fileID: 0}
  m_GameObject: {fileID: 8983891142083153370}
  m_Material: {fileID: 0}
  m_IsTrigger: 0
  m_Enabled: 1
  serializedVersion: 4
  m_Convex: 0
  m_CookingOptions: 30
  m_Mesh: {fileID: -3531946766418785785, guid: dfcb8be3413656846b99ecf3a2eb71cf, type: 3}
--- !u!1001 &2815183162703638641
PrefabInstance:
  m_ObjectHideFlags: 0
  serializedVersion: 2
  m_Modification:
    m_TransformParent: {fileID: 646103091836396329}
    m_Modifications:
    - target: {fileID: 3751680371362775651, guid: bb3318df31e8aba4498df15ae81aa657,
        type: 3}
      propertyPath: m_LocalPosition.x
      value: -3
      objectReference: {fileID: 0}
    - target: {fileID: 3751680371362775651, guid: bb3318df31e8aba4498df15ae81aa657,
        type: 3}
      propertyPath: m_LocalPosition.y
      value: 0
      objectReference: {fileID: 0}
    - target: {fileID: 3751680371362775651, guid: bb3318df31e8aba4498df15ae81aa657,
        type: 3}
      propertyPath: m_LocalPosition.z
      value: 0
      objectReference: {fileID: 0}
    - target: {fileID: 3751680371362775651, guid: bb3318df31e8aba4498df15ae81aa657,
        type: 3}
      propertyPath: m_LocalRotation.x
      value: -0
      objectReference: {fileID: 0}
    - target: {fileID: 3751680371362775651, guid: bb3318df31e8aba4498df15ae81aa657,
        type: 3}
      propertyPath: m_LocalRotation.y
      value: 0.70710605
      objectReference: {fileID: 0}
    - target: {fileID: 3751680371362775651, guid: bb3318df31e8aba4498df15ae81aa657,
        type: 3}
      propertyPath: m_LocalRotation.z
      value: -0
      objectReference: {fileID: 0}
    - target: {fileID: 3751680371362775651, guid: bb3318df31e8aba4498df15ae81aa657,
        type: 3}
      propertyPath: m_LocalRotation.w
      value: 0.7071076
      objectReference: {fileID: 0}
    - target: {fileID: 3751680371362775651, guid: bb3318df31e8aba4498df15ae81aa657,
        type: 3}
      propertyPath: m_RootOrder
      value: 1
      objectReference: {fileID: 0}
    - target: {fileID: 3751680371362775651, guid: bb3318df31e8aba4498df15ae81aa657,
        type: 3}
      propertyPath: m_LocalEulerAnglesHint.x
      value: 0
      objectReference: {fileID: 0}
    - target: {fileID: 3751680371362775651, guid: bb3318df31e8aba4498df15ae81aa657,
        type: 3}
      propertyPath: m_LocalEulerAnglesHint.y
      value: 90
      objectReference: {fileID: 0}
    - target: {fileID: 3751680371362775651, guid: bb3318df31e8aba4498df15ae81aa657,
        type: 3}
      propertyPath: m_LocalEulerAnglesHint.z
      value: 0
      objectReference: {fileID: 0}
    - target: {fileID: 7540878468726180491, guid: bb3318df31e8aba4498df15ae81aa657,
        type: 3}
      propertyPath: m_Name
      value: deco_torch_small
      objectReference: {fileID: 0}
    m_RemovedComponents: []
  m_SourcePrefab: {fileID: 100100000, guid: bb3318df31e8aba4498df15ae81aa657, type: 3}
--- !u!4 &1369427715290968594 stripped
Transform:
  m_CorrespondingSourceObject: {fileID: 3751680371362775651, guid: bb3318df31e8aba4498df15ae81aa657,
    type: 3}
  m_PrefabInstance: {fileID: 2815183162703638641}
  m_PrefabAsset: {fileID: 0}
--- !u!1001 &6192015998567611210
PrefabInstance:
  m_ObjectHideFlags: 0
  serializedVersion: 2
  m_Modification:
    m_TransformParent: {fileID: 646103091836396329}
    m_Modifications:
    - target: {fileID: -8679921383154817045, guid: dfcb8be3413656846b99ecf3a2eb71cf,
        type: 3}
      propertyPath: m_LocalPosition.x
      value: 0
      objectReference: {fileID: 0}
    - target: {fileID: -8679921383154817045, guid: dfcb8be3413656846b99ecf3a2eb71cf,
        type: 3}
      propertyPath: m_LocalPosition.y
      value: 0
      objectReference: {fileID: 0}
    - target: {fileID: -8679921383154817045, guid: dfcb8be3413656846b99ecf3a2eb71cf,
        type: 3}
      propertyPath: m_LocalPosition.z
      value: 0
      objectReference: {fileID: 0}
    - target: {fileID: -8679921383154817045, guid: dfcb8be3413656846b99ecf3a2eb71cf,
        type: 3}
      propertyPath: m_LocalRotation.x
      value: -0
      objectReference: {fileID: 0}
    - target: {fileID: -8679921383154817045, guid: dfcb8be3413656846b99ecf3a2eb71cf,
        type: 3}
      propertyPath: m_LocalRotation.y
      value: -0
      objectReference: {fileID: 0}
    - target: {fileID: -8679921383154817045, guid: dfcb8be3413656846b99ecf3a2eb71cf,
        type: 3}
      propertyPath: m_LocalRotation.z
      value: -0
      objectReference: {fileID: 0}
    - target: {fileID: -8679921383154817045, guid: dfcb8be3413656846b99ecf3a2eb71cf,
        type: 3}
      propertyPath: m_LocalRotation.w
      value: 1
      objectReference: {fileID: 0}
    - target: {fileID: -8679921383154817045, guid: dfcb8be3413656846b99ecf3a2eb71cf,
        type: 3}
      propertyPath: m_RootOrder
      value: 0
      objectReference: {fileID: 0}
    - target: {fileID: -8679921383154817045, guid: dfcb8be3413656846b99ecf3a2eb71cf,
        type: 3}
      propertyPath: m_LocalEulerAnglesHint.x
      value: 0
      objectReference: {fileID: 0}
    - target: {fileID: -8679921383154817045, guid: dfcb8be3413656846b99ecf3a2eb71cf,
        type: 3}
      propertyPath: m_LocalEulerAnglesHint.y
      value: 0
      objectReference: {fileID: 0}
    - target: {fileID: -8679921383154817045, guid: dfcb8be3413656846b99ecf3a2eb71cf,
        type: 3}
      propertyPath: m_LocalEulerAnglesHint.z
      value: 0
      objectReference: {fileID: 0}
    - target: {fileID: -6195767538593635260, guid: dfcb8be3413656846b99ecf3a2eb71cf,
        type: 3}
      propertyPath: m_Materials.Array.data[0]
      value: 
      objectReference: {fileID: 2100000, guid: 43a87c050510cf74ca453f7e821975a3, type: 2}
    - target: {fileID: -6195767538593635260, guid: dfcb8be3413656846b99ecf3a2eb71cf,
        type: 3}
      propertyPath: m_CastShadows
      value: 2
      objectReference: {fileID: 0}
    - target: {fileID: -5982421678603178262, guid: dfcb8be3413656846b99ecf3a2eb71cf,
        type: 3}
      propertyPath: m_CastShadows
      value: 2
      objectReference: {fileID: 0}
    - target: {fileID: -5982421678603178262, guid: dfcb8be3413656846b99ecf3a2eb71cf,
        type: 3}
      propertyPath: m_Materials.Array.data[0]
      value: 
      objectReference: {fileID: 2100000, guid: 1e19109378832834881a0a682d023bed, type: 2}
    - target: {fileID: -5711052370896006010, guid: dfcb8be3413656846b99ecf3a2eb71cf,
        type: 3}
      propertyPath: m_StaticEditorFlags
      value: 4294967295
      objectReference: {fileID: 0}
    - target: {fileID: -5259983027922589942, guid: dfcb8be3413656846b99ecf3a2eb71cf,
        type: 3}
      propertyPath: m_CastShadows
      value: 2
      objectReference: {fileID: 0}
    - target: {fileID: -5259983027922589942, guid: dfcb8be3413656846b99ecf3a2eb71cf,
        type: 3}
      propertyPath: m_Materials.Array.data[0]
      value: 
      objectReference: {fileID: 2100000, guid: c7c22fb80f2798046be4518d453a6629, type: 2}
    - target: {fileID: -3460011944940140773, guid: dfcb8be3413656846b99ecf3a2eb71cf,
        type: 3}
      propertyPath: m_CastShadows
      value: 2
      objectReference: {fileID: 0}
    - target: {fileID: -3460011944940140773, guid: dfcb8be3413656846b99ecf3a2eb71cf,
        type: 3}
      propertyPath: m_Materials.Array.data[0]
      value: 
      objectReference: {fileID: 2100000, guid: 8685434afd5b501438e4682fde4face0, type: 2}
    - target: {fileID: -3230359877503427227, guid: dfcb8be3413656846b99ecf3a2eb71cf,
        type: 3}
      propertyPath: m_CastShadows
      value: 2
      objectReference: {fileID: 0}
    - target: {fileID: -3230359877503427227, guid: dfcb8be3413656846b99ecf3a2eb71cf,
        type: 3}
      propertyPath: m_Materials.Array.data[0]
      value: 
      objectReference: {fileID: 2100000, guid: c7c22fb80f2798046be4518d453a6629, type: 2}
    - target: {fileID: -2432861400256545256, guid: dfcb8be3413656846b99ecf3a2eb71cf,
        type: 3}
      propertyPath: m_Materials.Array.data[0]
      value: 
      objectReference: {fileID: 2100000, guid: ece60a240cb98a742810303f1afb24e6, type: 2}
    - target: {fileID: -2432861400256545256, guid: dfcb8be3413656846b99ecf3a2eb71cf,
        type: 3}
      propertyPath: m_CastShadows
      value: 2
      objectReference: {fileID: 0}
    - target: {fileID: -1041279737980340588, guid: dfcb8be3413656846b99ecf3a2eb71cf,
        type: 3}
      propertyPath: m_Materials.Array.data[0]
      value: 
      objectReference: {fileID: 2100000, guid: 32e0826440317b3489dac600e835663c, type: 2}
    - target: {fileID: -1041279737980340588, guid: dfcb8be3413656846b99ecf3a2eb71cf,
        type: 3}
      propertyPath: m_CastShadows
      value: 2
      objectReference: {fileID: 0}
    - target: {fileID: -393439631875756813, guid: dfcb8be3413656846b99ecf3a2eb71cf,
        type: 3}
      propertyPath: m_CastShadows
      value: 2
      objectReference: {fileID: 0}
    - target: {fileID: -393439631875756813, guid: dfcb8be3413656846b99ecf3a2eb71cf,
        type: 3}
      propertyPath: m_Materials.Array.data[0]
      value: 
      objectReference: {fileID: 2100000, guid: 1e19109378832834881a0a682d023bed, type: 2}
    - target: {fileID: 283528668208809286, guid: dfcb8be3413656846b99ecf3a2eb71cf,
        type: 3}
      propertyPath: m_StaticEditorFlags
      value: 4294967295
      objectReference: {fileID: 0}
    - target: {fileID: 919132149155446097, guid: dfcb8be3413656846b99ecf3a2eb71cf,
        type: 3}
      propertyPath: m_Name
      value: tile_single_straight
      objectReference: {fileID: 0}
    - target: {fileID: 919132149155446097, guid: dfcb8be3413656846b99ecf3a2eb71cf,
        type: 3}
      propertyPath: m_StaticEditorFlags
      value: 4294967295
      objectReference: {fileID: 0}
    - target: {fileID: 2014544231935398540, guid: dfcb8be3413656846b99ecf3a2eb71cf,
        type: 3}
      propertyPath: m_CastShadows
      value: 2
      objectReference: {fileID: 0}
    - target: {fileID: 2014544231935398540, guid: dfcb8be3413656846b99ecf3a2eb71cf,
        type: 3}
      propertyPath: m_Materials.Array.data[0]
      value: 
      objectReference: {fileID: 2100000, guid: 80d77430ee374894b8b0e3d6b233bc93, type: 2}
    - target: {fileID: 3270462160284657140, guid: dfcb8be3413656846b99ecf3a2eb71cf,
        type: 3}
      propertyPath: m_StaticEditorFlags
      value: 4294967295
      objectReference: {fileID: 0}
    - target: {fileID: 5117269737276333718, guid: dfcb8be3413656846b99ecf3a2eb71cf,
        type: 3}
      propertyPath: m_Materials.Array.data[0]
      value: 
      objectReference: {fileID: 2100000, guid: 32e0826440317b3489dac600e835663c, type: 2}
    - target: {fileID: 5117269737276333718, guid: dfcb8be3413656846b99ecf3a2eb71cf,
        type: 3}
      propertyPath: m_CastShadows
      value: 2
      objectReference: {fileID: 0}
    - target: {fileID: 6172023517389012487, guid: dfcb8be3413656846b99ecf3a2eb71cf,
        type: 3}
      propertyPath: m_StaticEditorFlags
      value: 4294967295
      objectReference: {fileID: 0}
    - target: {fileID: 7197472494094208472, guid: dfcb8be3413656846b99ecf3a2eb71cf,
        type: 3}
      propertyPath: m_StaticEditorFlags
      value: 4294967295
      objectReference: {fileID: 0}
    - target: {fileID: 8516850637887260131, guid: dfcb8be3413656846b99ecf3a2eb71cf,
        type: 3}
      propertyPath: m_StaticEditorFlags
      value: 4294967295
      objectReference: {fileID: 0}
    - target: {fileID: 8535133971147982272, guid: dfcb8be3413656846b99ecf3a2eb71cf,
        type: 3}
      propertyPath: m_Materials.Array.data[0]
      value: 
      objectReference: {fileID: 2100000, guid: 43a87c050510cf74ca453f7e821975a3, type: 2}
    - target: {fileID: 8535133971147982272, guid: dfcb8be3413656846b99ecf3a2eb71cf,
        type: 3}
      propertyPath: m_CastShadows
      value: 2
      objectReference: {fileID: 0}
    - target: {fileID: 8835409689826365435, guid: dfcb8be3413656846b99ecf3a2eb71cf,
        type: 3}
      propertyPath: m_Materials.Array.data[0]
      value: 
      objectReference: {fileID: 2100000, guid: ece60a240cb98a742810303f1afb24e6, type: 2}
    - target: {fileID: 8835409689826365435, guid: dfcb8be3413656846b99ecf3a2eb71cf,
        type: 3}
      propertyPath: m_CastShadows
      value: 2
      objectReference: {fileID: 0}
    m_RemovedComponents: []
  m_SourcePrefab: {fileID: 100100000, guid: dfcb8be3413656846b99ecf3a2eb71cf, type: 3}
--- !u!4 &5937095346815835297 stripped
Transform:
  m_CorrespondingSourceObject: {fileID: -8679921383154817045, guid: dfcb8be3413656846b99ecf3a2eb71cf,
    type: 3}
  m_PrefabInstance: {fileID: 6192015998567611210}
  m_PrefabAsset: {fileID: 0}
--- !u!1 &2659593885891065783 stripped
GameObject:
  m_CorrespondingSourceObject: {fileID: 8144394004440419581, guid: dfcb8be3413656846b99ecf3a2eb71cf,
    type: 3}
  m_PrefabInstance: {fileID: 6192015998567611210}
  m_PrefabAsset: {fileID: 0}
--- !u!1 &832111182785087598 stripped
GameObject:
  m_CorrespondingSourceObject: {fileID: -2422315340263230684, guid: dfcb8be3413656846b99ecf3a2eb71cf,
    type: 3}
  m_PrefabInstance: {fileID: 6192015998567611210}
  m_PrefabAsset: {fileID: 0}
--- !u!1 &8983891142083153370 stripped
GameObject:
  m_CorrespondingSourceObject: {fileID: -6250076149019478384, guid: dfcb8be3413656846b99ecf3a2eb71cf,
    type: 3}
  m_PrefabInstance: {fileID: 6192015998567611210}
  m_PrefabAsset: {fileID: 0}
--- !u!1 &41208950628685649 stripped
GameObject:
  m_CorrespondingSourceObject: {fileID: 6159819195323411483, guid: dfcb8be3413656846b99ecf3a2eb71cf,
    type: 3}
  m_PrefabInstance: {fileID: 6192015998567611210}
  m_PrefabAsset: {fileID: 0}
--- !u!1 &3843841981276139217 stripped
GameObject:
  m_CorrespondingSourceObject: {fileID: -2254504247542753893, guid: dfcb8be3413656846b99ecf3a2eb71cf,
    type: 3}
  m_PrefabInstance: {fileID: 6192015998567611210}
  m_PrefabAsset: {fileID: 0}
--- !u!1 &2701266258466868507 stripped
GameObject:
  m_CorrespondingSourceObject: {fileID: -1111642643357305263, guid: dfcb8be3413656846b99ecf3a2eb71cf,
    type: 3}
  m_PrefabInstance: {fileID: 6192015998567611210}
  m_PrefabAsset: {fileID: 0}
