%YAML 1.1
%TAG !u! tag:unity3d.com,2011:
--- !u!64 &1400079988087684812
MeshCollider:
  m_ObjectHideFlags: 0
  m_CorrespondingSourceObject: {fileID: 0}
  m_PrefabInstance: {fileID: 0}
  m_PrefabAsset: {fileID: 0}
  m_GameObject: {fileID: 641941950283024321}
  m_Material: {fileID: 0}
  m_IsTrigger: 0
  m_Enabled: 1
  serializedVersion: 4
  m_Convex: 0
  m_CookingOptions: 30
  m_Mesh: {fileID: 1653585850618044178, guid: dd38d9d5bb8df4742bba126a47e93229, type: 3}
--- !u!64 &8302699607873457098
MeshCollider:
  m_ObjectHideFlags: 0
  m_CorrespondingSourceObject: {fileID: 0}
  m_PrefabInstance: {fileID: 0}
  m_PrefabAsset: {fileID: 0}
  m_GameObject: {fileID: 2786363500445441485}
  m_Material: {fileID: 0}
  m_IsTrigger: 0
  m_Enabled: 1
  serializedVersion: 4
  m_Convex: 0
  m_CookingOptions: 30
  m_Mesh: {fileID: -3581004583625349834, guid: dd38d9d5bb8df4742bba126a47e93229, type: 3}
--- !u!64 &4247323550913814067
MeshCollider:
  m_ObjectHideFlags: 0
  m_CorrespondingSourceObject: {fileID: 0}
  m_PrefabInstance: {fileID: 0}
  m_PrefabAsset: {fileID: 0}
  m_GameObject: {fileID: 3445338439080615063}
  m_Material: {fileID: 0}
  m_IsTrigger: 0
  m_Enabled: 1
  serializedVersion: 4
  m_Convex: 0
  m_CookingOptions: 30
  m_Mesh: {fileID: 275486702694682855, guid: dd38d9d5bb8df4742bba126a47e93229, type: 3}
--- !u!64 &3117795644679561701
MeshCollider:
  m_ObjectHideFlags: 0
  m_CorrespondingSourceObject: {fileID: 0}
  m_PrefabInstance: {fileID: 0}
  m_PrefabAsset: {fileID: 0}
  m_GameObject: {fileID: 4003285131146762915}
  m_Material: {fileID: 0}
  m_IsTrigger: 0
  m_Enabled: 1
  serializedVersion: 4
  m_Convex: 0
  m_CookingOptions: 30
  m_Mesh: {fileID: -6881049121280606705, guid: dd38d9d5bb8df4742bba126a47e93229, type: 3}
--- !u!64 &2174040105529749633
MeshCollider:
  m_ObjectHideFlags: 0
  m_CorrespondingSourceObject: {fileID: 0}
  m_PrefabInstance: {fileID: 0}
  m_PrefabAsset: {fileID: 0}
  m_GameObject: {fileID: 5453648406704659558}
  m_Material: {fileID: 0}
  m_IsTrigger: 0
  m_Enabled: 1
  serializedVersion: 4
  m_Convex: 0
  m_CookingOptions: 30
  m_Mesh: {fileID: -8261333681702958031, guid: dd38d9d5bb8df4742bba126a47e93229, type: 3}
--- !u!64 &7950217820916884708
MeshCollider:
  m_ObjectHideFlags: 0
  m_CorrespondingSourceObject: {fileID: 0}
  m_PrefabInstance: {fileID: 0}
  m_PrefabAsset: {fileID: 0}
  m_GameObject: {fileID: 5591338267104171058}
  m_Material: {fileID: 0}
  m_IsTrigger: 0
  m_Enabled: 1
  serializedVersion: 4
  m_Convex: 0
  m_CookingOptions: 30
  m_Mesh: {fileID: -953867856635260017, guid: dd38d9d5bb8df4742bba126a47e93229, type: 3}
--- !u!64 &8302053431283263651
MeshCollider:
  m_ObjectHideFlags: 0
  m_CorrespondingSourceObject: {fileID: 0}
  m_PrefabInstance: {fileID: 0}
  m_PrefabAsset: {fileID: 0}
  m_GameObject: {fileID: 5635466567628182696}
  m_Material: {fileID: 0}
  m_IsTrigger: 0
  m_Enabled: 1
  serializedVersion: 4
  m_Convex: 0
  m_CookingOptions: 30
  m_Mesh: {fileID: 7529120131637518267, guid: dd38d9d5bb8df4742bba126a47e93229, type: 3}
--- !u!1 &7602004695665162457
GameObject:
  m_ObjectHideFlags: 0
  m_CorrespondingSourceObject: {fileID: 0}
  m_PrefabInstance: {fileID: 0}
  m_PrefabAsset: {fileID: 0}
  serializedVersion: 6
  m_Component:
  - component: {fileID: 1993428388109178169}
  m_Layer: 0
  m_Name: tile_dungeon_ramp_zigzag_02
  m_TagString: Untagged
  m_Icon: {fileID: 0}
  m_NavMeshLayer: 0
  m_StaticEditorFlags: 0
  m_IsActive: 1
--- !u!4 &1993428388109178169
Transform:
  m_ObjectHideFlags: 0
  m_CorrespondingSourceObject: {fileID: 0}
  m_PrefabInstance: {fileID: 0}
  m_PrefabAsset: {fileID: 0}
  m_GameObject: {fileID: 7602004695665162457}
  m_LocalRotation: {x: 0, y: 0, z: 0, w: 1}
  m_LocalPosition: {x: 0, y: 0, z: 0}
  m_LocalScale: {x: -1, y: 1, z: 1}
  m_Children:
  - {fileID: 9164261895648892809}
  - {fileID: 8479542751049745020}
  - {fileID: 4944613296752046516}
  - {fileID: 3640230788521760191}
  - {fileID: 5798417231238812171}
  - {fileID: 6203827087407994414}
  - {fileID: 1136671848375632660}
  - {fileID: 4093305154615395293}
  m_Father: {fileID: 0}
  m_RootOrder: 0
  m_LocalEulerAnglesHint: {x: 0, y: 0, z: 0}
--- !u!64 &1783891570627168532
MeshCollider:
  m_ObjectHideFlags: 0
  m_CorrespondingSourceObject: {fileID: 0}
  m_PrefabInstance: {fileID: 0}
  m_PrefabAsset: {fileID: 0}
  m_GameObject: {fileID: 7723544882541847961}
  m_Material: {fileID: 0}
  m_IsTrigger: 0
  m_Enabled: 1
  serializedVersion: 4
  m_Convex: 0
  m_CookingOptions: 30
  m_Mesh: {fileID: 1630326586373206773, guid: dd38d9d5bb8df4742bba126a47e93229, type: 3}
--- !u!1001 &471048464276150261
PrefabInstance:
  m_ObjectHideFlags: 0
  serializedVersion: 2
  m_Modification:
    m_TransformParent: {fileID: 1993428388109178169}
    m_Modifications:
    - target: {fileID: 1022990679714526580, guid: 7e33b29b50794b84a89f347504a9b0fb,
        type: 3}
      propertyPath: m_Materials.Array.data[0]
      value: 
      objectReference: {fileID: 2100000, guid: 7725755431bb1a34da316215ae3f09f9, type: 2}
    - target: {fileID: 3543421499494661069, guid: 7e33b29b50794b84a89f347504a9b0fb,
        type: 3}
      propertyPath: m_Mesh
      value: 
      objectReference: {fileID: 0}
    - target: {fileID: 5797753535670321582, guid: 7e33b29b50794b84a89f347504a9b0fb,
        type: 3}
      propertyPath: m_Name
      value: dirt_overlay
      objectReference: {fileID: 0}
    - target: {fileID: 6264962095848228350, guid: 7e33b29b50794b84a89f347504a9b0fb,
        type: 3}
      propertyPath: m_LocalPosition.x
      value: -6.98
      objectReference: {fileID: 0}
    - target: {fileID: 6264962095848228350, guid: 7e33b29b50794b84a89f347504a9b0fb,
        type: 3}
      propertyPath: m_LocalPosition.y
      value: -3
      objectReference: {fileID: 0}
    - target: {fileID: 6264962095848228350, guid: 7e33b29b50794b84a89f347504a9b0fb,
        type: 3}
      propertyPath: m_LocalPosition.z
      value: -3
      objectReference: {fileID: 0}
    - target: {fileID: 6264962095848228350, guid: 7e33b29b50794b84a89f347504a9b0fb,
        type: 3}
      propertyPath: m_LocalRotation.x
      value: 0.4999996
      objectReference: {fileID: 0}
    - target: {fileID: 6264962095848228350, guid: 7e33b29b50794b84a89f347504a9b0fb,
        type: 3}
      propertyPath: m_LocalRotation.y
      value: 0.5000004
      objectReference: {fileID: 0}
    - target: {fileID: 6264962095848228350, guid: 7e33b29b50794b84a89f347504a9b0fb,
        type: 3}
      propertyPath: m_LocalRotation.z
      value: 0.50000054
      objectReference: {fileID: 0}
    - target: {fileID: 6264962095848228350, guid: 7e33b29b50794b84a89f347504a9b0fb,
        type: 3}
      propertyPath: m_LocalRotation.w
      value: -0.4999995
      objectReference: {fileID: 0}
    - target: {fileID: 6264962095848228350, guid: 7e33b29b50794b84a89f347504a9b0fb,
        type: 3}
      propertyPath: m_RootOrder
      value: 4
      objectReference: {fileID: 0}
    - target: {fileID: 6264962095848228350, guid: 7e33b29b50794b84a89f347504a9b0fb,
        type: 3}
      propertyPath: m_LocalEulerAnglesHint.x
      value: -90
      objectReference: {fileID: 0}
    - target: {fileID: 6264962095848228350, guid: 7e33b29b50794b84a89f347504a9b0fb,
        type: 3}
      propertyPath: m_LocalEulerAnglesHint.y
      value: 0
      objectReference: {fileID: 0}
    - target: {fileID: 6264962095848228350, guid: 7e33b29b50794b84a89f347504a9b0fb,
        type: 3}
      propertyPath: m_LocalEulerAnglesHint.z
      value: 270
      objectReference: {fileID: 0}
    - target: {fileID: 6435000119060639784, guid: 7e33b29b50794b84a89f347504a9b0fb,
        type: 3}
      propertyPath: m_Mesh
      value: 
      objectReference: {fileID: 0}
    - target: {fileID: 8237994845959693084, guid: 7e33b29b50794b84a89f347504a9b0fb,
        type: 3}
      propertyPath: m_Mesh
      value: 
      objectReference: {fileID: 0}
    m_RemovedComponents: []
  m_SourcePrefab: {fileID: 100100000, guid: 7e33b29b50794b84a89f347504a9b0fb, type: 3}
--- !u!4 &5798417231238812171 stripped
Transform:
  m_CorrespondingSourceObject: {fileID: 6264962095848228350, guid: 7e33b29b50794b84a89f347504a9b0fb,
    type: 3}
  m_PrefabInstance: {fileID: 471048464276150261}
  m_PrefabAsset: {fileID: 0}
--- !u!1001 &547499169225898044
PrefabInstance:
  m_ObjectHideFlags: 0
  serializedVersion: 2
  m_Modification:
    m_TransformParent: {fileID: 1993428388109178169}
    m_Modifications:
    - target: {fileID: 3827401120674770307, guid: 04ce9c606333b674381deb48f233a277,
        type: 3}
      propertyPath: m_LocalPosition.x
      value: -4
      objectReference: {fileID: 0}
    - target: {fileID: 3827401120674770307, guid: 04ce9c606333b674381deb48f233a277,
        type: 3}
      propertyPath: m_LocalPosition.y
      value: 4
      objectReference: {fileID: 0}
    - target: {fileID: 3827401120674770307, guid: 04ce9c606333b674381deb48f233a277,
        type: 3}
      propertyPath: m_LocalPosition.z
      value: -12
      objectReference: {fileID: 0}
    - target: {fileID: 3827401120674770307, guid: 04ce9c606333b674381deb48f233a277,
        type: 3}
      propertyPath: m_LocalRotation.x
      value: -0
      objectReference: {fileID: 0}
    - target: {fileID: 3827401120674770307, guid: 04ce9c606333b674381deb48f233a277,
        type: 3}
      propertyPath: m_LocalRotation.y
      value: 1
      objectReference: {fileID: 0}
    - target: {fileID: 3827401120674770307, guid: 04ce9c606333b674381deb48f233a277,
        type: 3}
      propertyPath: m_LocalRotation.z
      value: 0
      objectReference: {fileID: 0}
    - target: {fileID: 3827401120674770307, guid: 04ce9c606333b674381deb48f233a277,
        type: 3}
      propertyPath: m_LocalRotation.w
      value: -0.00000032782552
      objectReference: {fileID: 0}
    - target: {fileID: 3827401120674770307, guid: 04ce9c606333b674381deb48f233a277,
        type: 3}
      propertyPath: m_RootOrder
      value: 3
      objectReference: {fileID: 0}
    - target: {fileID: 3827401120674770307, guid: 04ce9c606333b674381deb48f233a277,
        type: 3}
      propertyPath: m_LocalEulerAnglesHint.x
      value: 0
      objectReference: {fileID: 0}
    - target: {fileID: 3827401120674770307, guid: 04ce9c606333b674381deb48f233a277,
        type: 3}
      propertyPath: m_LocalEulerAnglesHint.y
      value: 179.99998
      objectReference: {fileID: 0}
    - target: {fileID: 3827401120674770307, guid: 04ce9c606333b674381deb48f233a277,
        type: 3}
      propertyPath: m_LocalEulerAnglesHint.z
      value: 0
      objectReference: {fileID: 0}
    - target: {fileID: 8935671478945291720, guid: 04ce9c606333b674381deb48f233a277,
        type: 3}
      propertyPath: m_Name
      value: Pathway (1)
      objectReference: {fileID: 0}
    m_RemovedComponents: []
  m_SourcePrefab: {fileID: 100100000, guid: 04ce9c606333b674381deb48f233a277, type: 3}
--- !u!4 &3640230788521760191 stripped
Transform:
  m_CorrespondingSourceObject: {fileID: 3827401120674770307, guid: 04ce9c606333b674381deb48f233a277,
    type: 3}
  m_PrefabInstance: {fileID: 547499169225898044}
  m_PrefabAsset: {fileID: 0}
--- !u!114 &2480946012453722807 stripped
MonoBehaviour:
  m_CorrespondingSourceObject: {fileID: 2735669416405377675, guid: 04ce9c606333b674381deb48f233a277,
    type: 3}
  m_PrefabInstance: {fileID: 547499169225898044}
  m_PrefabAsset: {fileID: 0}
  m_GameObject: {fileID: 0}
  m_Enabled: 1
  m_EditorHideFlags: 0
  m_Script: {fileID: 11500000, guid: dd60658e6871a844788f7768b8dd9a51, type: 3}
  m_Name: 
  m_EditorClassIdentifier: 
--- !u!1001 &3251179176652619190
PrefabInstance:
  m_ObjectHideFlags: 0
  serializedVersion: 2
  m_Modification:
    m_TransformParent: {fileID: 1993428388109178169}
    m_Modifications:
    - target: {fileID: 487243255437973317, guid: 740648b0b996ba148a76e0d9b869fb16,
        type: 3}
      propertyPath: m_Size.x
      value: 16
      objectReference: {fileID: 0}
    - target: {fileID: 487243255437973317, guid: 740648b0b996ba148a76e0d9b869fb16,
        type: 3}
      propertyPath: m_Size.y
      value: 16
      objectReference: {fileID: 0}
    - target: {fileID: 487243255437973317, guid: 740648b0b996ba148a76e0d9b869fb16,
        type: 3}
      propertyPath: m_Size.z
      value: 24
      objectReference: {fileID: 0}
    - target: {fileID: 1417693665624029033, guid: 740648b0b996ba148a76e0d9b869fb16,
        type: 3}
      propertyPath: m_Name
      value: Area Data
      objectReference: {fileID: 0}
    - target: {fileID: 4268913019039595364, guid: 740648b0b996ba148a76e0d9b869fb16,
        type: 3}
      propertyPath: pathWays.Array.size
      value: 2
      objectReference: {fileID: 0}
    - target: {fileID: 4268913019039595364, guid: 740648b0b996ba148a76e0d9b869fb16,
        type: 3}
      propertyPath: rootObj
      value: 
      objectReference: {fileID: 1993428388109178169}
    - target: {fileID: 4268913019039595364, guid: 740648b0b996ba148a76e0d9b869fb16,
        type: 3}
      propertyPath: pathWays.Array.data[0]
      value: 
      objectReference: {fileID: 6085610243309076156}
    - target: {fileID: 4268913019039595364, guid: 740648b0b996ba148a76e0d9b869fb16,
        type: 3}
      propertyPath: pathWays.Array.data[1]
      value: 
      objectReference: {fileID: 2480946012453722807}
    - target: {fileID: 6391699724059656138, guid: 740648b0b996ba148a76e0d9b869fb16,
        type: 3}
      propertyPath: m_LocalPosition.x
      value: 0
      objectReference: {fileID: 0}
    - target: {fileID: 6391699724059656138, guid: 740648b0b996ba148a76e0d9b869fb16,
        type: 3}
      propertyPath: m_LocalPosition.y
      value: 0
      objectReference: {fileID: 0}
    - target: {fileID: 6391699724059656138, guid: 740648b0b996ba148a76e0d9b869fb16,
        type: 3}
      propertyPath: m_LocalPosition.z
      value: 0
      objectReference: {fileID: 0}
    - target: {fileID: 6391699724059656138, guid: 740648b0b996ba148a76e0d9b869fb16,
        type: 3}
      propertyPath: m_LocalRotation.x
      value: -0
      objectReference: {fileID: 0}
    - target: {fileID: 6391699724059656138, guid: 740648b0b996ba148a76e0d9b869fb16,
        type: 3}
      propertyPath: m_LocalRotation.y
      value: -0
      objectReference: {fileID: 0}
    - target: {fileID: 6391699724059656138, guid: 740648b0b996ba148a76e0d9b869fb16,
        type: 3}
      propertyPath: m_LocalRotation.z
      value: -0
      objectReference: {fileID: 0}
    - target: {fileID: 6391699724059656138, guid: 740648b0b996ba148a76e0d9b869fb16,
        type: 3}
      propertyPath: m_LocalRotation.w
      value: 1
      objectReference: {fileID: 0}
    - target: {fileID: 6391699724059656138, guid: 740648b0b996ba148a76e0d9b869fb16,
        type: 3}
      propertyPath: m_RootOrder
      value: 1
      objectReference: {fileID: 0}
    - target: {fileID: 6391699724059656138, guid: 740648b0b996ba148a76e0d9b869fb16,
        type: 3}
      propertyPath: m_LocalEulerAnglesHint.x
      value: 0
      objectReference: {fileID: 0}
    - target: {fileID: 6391699724059656138, guid: 740648b0b996ba148a76e0d9b869fb16,
        type: 3}
      propertyPath: m_LocalEulerAnglesHint.y
      value: 0
      objectReference: {fileID: 0}
    - target: {fileID: 6391699724059656138, guid: 740648b0b996ba148a76e0d9b869fb16,
        type: 3}
      propertyPath: m_LocalEulerAnglesHint.z
      value: 0
      objectReference: {fileID: 0}
    m_RemovedComponents: []
  m_SourcePrefab: {fileID: 100100000, guid: 740648b0b996ba148a76e0d9b869fb16, type: 3}
--- !u!4 &8479542751049745020 stripped
Transform:
  m_CorrespondingSourceObject: {fileID: 6391699724059656138, guid: 740648b0b996ba148a76e0d9b869fb16,
    type: 3}
  m_PrefabInstance: {fileID: 3251179176652619190}
  m_PrefabAsset: {fileID: 0}
--- !u!1001 &6477695801312341856
PrefabInstance:
  m_ObjectHideFlags: 0
  serializedVersion: 2
  m_Modification:
    m_TransformParent: {fileID: 1993428388109178169}
    m_Modifications:
    - target: {fileID: 6206843214836477044, guid: 3217b791ab564684e82dacd6240e818f,
        type: 3}
      propertyPath: m_LocalPosition.x
      value: -6
      objectReference: {fileID: 0}
    - target: {fileID: 6206843214836477044, guid: 3217b791ab564684e82dacd6240e818f,
        type: 3}
      propertyPath: m_LocalPosition.y
      value: -2.9999998
      objectReference: {fileID: 0}
    - target: {fileID: 6206843214836477044, guid: 3217b791ab564684e82dacd6240e818f,
        type: 3}
      propertyPath: m_LocalPosition.z
      value: 2
      objectReference: {fileID: 0}
    - target: {fileID: 6206843214836477044, guid: 3217b791ab564684e82dacd6240e818f,
        type: 3}
      propertyPath: m_LocalRotation.x
      value: -0
      objectReference: {fileID: 0}
    - target: {fileID: 6206843214836477044, guid: 3217b791ab564684e82dacd6240e818f,
        type: 3}
      propertyPath: m_LocalRotation.y
      value: 0
      objectReference: {fileID: 0}
    - target: {fileID: 6206843214836477044, guid: 3217b791ab564684e82dacd6240e818f,
        type: 3}
      propertyPath: m_LocalRotation.z
      value: 0
      objectReference: {fileID: 0}
    - target: {fileID: 6206843214836477044, guid: 3217b791ab564684e82dacd6240e818f,
        type: 3}
      propertyPath: m_LocalRotation.w
      value: 1
      objectReference: {fileID: 0}
    - target: {fileID: 6206843214836477044, guid: 3217b791ab564684e82dacd6240e818f,
        type: 3}
      propertyPath: m_RootOrder
      value: 6
      objectReference: {fileID: 0}
    - target: {fileID: 6206843214836477044, guid: 3217b791ab564684e82dacd6240e818f,
        type: 3}
      propertyPath: m_LocalEulerAnglesHint.x
      value: 0
      objectReference: {fileID: 0}
    - target: {fileID: 6206843214836477044, guid: 3217b791ab564684e82dacd6240e818f,
        type: 3}
      propertyPath: m_LocalEulerAnglesHint.y
      value: 0
      objectReference: {fileID: 0}
    - target: {fileID: 6206843214836477044, guid: 3217b791ab564684e82dacd6240e818f,
        type: 3}
      propertyPath: m_LocalEulerAnglesHint.z
      value: 0
      objectReference: {fileID: 0}
    - target: {fileID: 6206843214836477044, guid: 3217b791ab564684e82dacd6240e818f,
        type: 3}
      propertyPath: m_LocalScale.x
      value: -1
      objectReference: {fileID: 0}
    - target: {fileID: 8247124035331617780, guid: 3217b791ab564684e82dacd6240e818f,
        type: 3}
      propertyPath: m_Name
      value: dungeon_pot
      objectReference: {fileID: 0}
    m_RemovedComponents: []
  m_SourcePrefab: {fileID: 100100000, guid: 3217b791ab564684e82dacd6240e818f, type: 3}
--- !u!4 &1136671848375632660 stripped
Transform:
  m_CorrespondingSourceObject: {fileID: 6206843214836477044, guid: 3217b791ab564684e82dacd6240e818f,
    type: 3}
  m_PrefabInstance: {fileID: 6477695801312341856}
  m_PrefabAsset: {fileID: 0}
--- !u!1001 &7064123297767887949
PrefabInstance:
  m_ObjectHideFlags: 0
  serializedVersion: 2
  m_Modification:
    m_TransformParent: {fileID: 1993428388109178169}
    m_Modifications:
    - target: {fileID: 3751680371362775651, guid: bb3318df31e8aba4498df15ae81aa657,
        type: 3}
      propertyPath: m_LocalPosition.x
      value: 3
      objectReference: {fileID: 0}
    - target: {fileID: 3751680371362775651, guid: bb3318df31e8aba4498df15ae81aa657,
        type: 3}
      propertyPath: m_LocalPosition.y
      value: 0
      objectReference: {fileID: 0}
    - target: {fileID: 3751680371362775651, guid: bb3318df31e8aba4498df15ae81aa657,
        type: 3}
      propertyPath: m_LocalPosition.z
      value: -3
      objectReference: {fileID: 0}
    - target: {fileID: 3751680371362775651, guid: bb3318df31e8aba4498df15ae81aa657,
        type: 3}
      propertyPath: m_LocalRotation.x
      value: 0
      objectReference: {fileID: 0}
    - target: {fileID: 3751680371362775651, guid: bb3318df31e8aba4498df15ae81aa657,
        type: 3}
      propertyPath: m_LocalRotation.y
      value: 0
      objectReference: {fileID: 0}
    - target: {fileID: 3751680371362775651, guid: bb3318df31e8aba4498df15ae81aa657,
        type: 3}
      propertyPath: m_LocalRotation.z
      value: 0
      objectReference: {fileID: 0}
    - target: {fileID: 3751680371362775651, guid: bb3318df31e8aba4498df15ae81aa657,
        type: 3}
      propertyPath: m_LocalRotation.w
      value: 1
      objectReference: {fileID: 0}
    - target: {fileID: 3751680371362775651, guid: bb3318df31e8aba4498df15ae81aa657,
        type: 3}
      propertyPath: m_RootOrder
      value: 5
      objectReference: {fileID: 0}
    - target: {fileID: 3751680371362775651, guid: bb3318df31e8aba4498df15ae81aa657,
        type: 3}
      propertyPath: m_LocalEulerAnglesHint.x
      value: 0
      objectReference: {fileID: 0}
    - target: {fileID: 3751680371362775651, guid: bb3318df31e8aba4498df15ae81aa657,
        type: 3}
      propertyPath: m_LocalEulerAnglesHint.y
      value: 0
      objectReference: {fileID: 0}
    - target: {fileID: 3751680371362775651, guid: bb3318df31e8aba4498df15ae81aa657,
        type: 3}
      propertyPath: m_LocalEulerAnglesHint.z
      value: 0
      objectReference: {fileID: 0}
    - target: {fileID: 7540878468726180491, guid: bb3318df31e8aba4498df15ae81aa657,
        type: 3}
      propertyPath: m_Name
      value: deco_torch_small
      objectReference: {fileID: 0}
    m_RemovedComponents: []
  m_SourcePrefab: {fileID: 100100000, guid: bb3318df31e8aba4498df15ae81aa657, type: 3}
--- !u!4 &6203827087407994414 stripped
Transform:
  m_CorrespondingSourceObject: {fileID: 3751680371362775651, guid: bb3318df31e8aba4498df15ae81aa657,
    type: 3}
  m_PrefabInstance: {fileID: 7064123297767887949}
  m_PrefabAsset: {fileID: 0}
--- !u!1001 &7993172856819117993
PrefabInstance:
  m_ObjectHideFlags: 0
  serializedVersion: 2
  m_Modification:
    m_TransformParent: {fileID: 1993428388109178169}
    m_Modifications:
    - target: {fileID: 6206843214836477044, guid: 3217b791ab564684e82dacd6240e818f,
        type: 3}
      propertyPath: m_LocalPosition.x
      value: -4.2165575
      objectReference: {fileID: 0}
    - target: {fileID: 6206843214836477044, guid: 3217b791ab564684e82dacd6240e818f,
        type: 3}
      propertyPath: m_LocalPosition.y
      value: -2.9999995
      objectReference: {fileID: 0}
    - target: {fileID: 6206843214836477044, guid: 3217b791ab564684e82dacd6240e818f,
        type: 3}
      propertyPath: m_LocalPosition.z
      value: 1.9088132
      objectReference: {fileID: 0}
    - target: {fileID: 6206843214836477044, guid: 3217b791ab564684e82dacd6240e818f,
        type: 3}
      propertyPath: m_LocalRotation.x
      value: -0
      objectReference: {fileID: 0}
    - target: {fileID: 6206843214836477044, guid: 3217b791ab564684e82dacd6240e818f,
        type: 3}
      propertyPath: m_LocalRotation.y
      value: 0
      objectReference: {fileID: 0}
    - target: {fileID: 6206843214836477044, guid: 3217b791ab564684e82dacd6240e818f,
        type: 3}
      propertyPath: m_LocalRotation.z
      value: 0
      objectReference: {fileID: 0}
    - target: {fileID: 6206843214836477044, guid: 3217b791ab564684e82dacd6240e818f,
        type: 3}
      propertyPath: m_LocalRotation.w
      value: 1
      objectReference: {fileID: 0}
    - target: {fileID: 6206843214836477044, guid: 3217b791ab564684e82dacd6240e818f,
        type: 3}
      propertyPath: m_RootOrder
      value: 7
      objectReference: {fileID: 0}
    - target: {fileID: 6206843214836477044, guid: 3217b791ab564684e82dacd6240e818f,
        type: 3}
      propertyPath: m_LocalEulerAnglesHint.x
      value: 0
      objectReference: {fileID: 0}
    - target: {fileID: 6206843214836477044, guid: 3217b791ab564684e82dacd6240e818f,
        type: 3}
      propertyPath: m_LocalEulerAnglesHint.y
      value: 0
      objectReference: {fileID: 0}
    - target: {fileID: 6206843214836477044, guid: 3217b791ab564684e82dacd6240e818f,
        type: 3}
      propertyPath: m_LocalEulerAnglesHint.z
      value: 0
      objectReference: {fileID: 0}
    - target: {fileID: 6206843214836477044, guid: 3217b791ab564684e82dacd6240e818f,
        type: 3}
      propertyPath: m_LocalScale.x
      value: -1
      objectReference: {fileID: 0}
    - target: {fileID: 8247124035331617780, guid: 3217b791ab564684e82dacd6240e818f,
        type: 3}
      propertyPath: m_Name
      value: dungeon_pot (1)
      objectReference: {fileID: 0}
    m_RemovedComponents: []
  m_SourcePrefab: {fileID: 100100000, guid: 3217b791ab564684e82dacd6240e818f, type: 3}
--- !u!4 &4093305154615395293 stripped
Transform:
  m_CorrespondingSourceObject: {fileID: 6206843214836477044, guid: 3217b791ab564684e82dacd6240e818f,
    type: 3}
  m_PrefabInstance: {fileID: 7993172856819117993}
  m_PrefabAsset: {fileID: 0}
--- !u!1001 &8179489731505314871
PrefabInstance:
  m_ObjectHideFlags: 0
  serializedVersion: 2
  m_Modification:
    m_TransformParent: {fileID: 1993428388109178169}
    m_Modifications:
    - target: {fileID: 3827401120674770307, guid: 04ce9c606333b674381deb48f233a277,
        type: 3}
      propertyPath: m_LocalPosition.x
      value: 4
      objectReference: {fileID: 0}
    - target: {fileID: 3827401120674770307, guid: 04ce9c606333b674381deb48f233a277,
        type: 3}
      propertyPath: m_LocalPosition.y
      value: -4
      objectReference: {fileID: 0}
    - target: {fileID: 3827401120674770307, guid: 04ce9c606333b674381deb48f233a277,
        type: 3}
      propertyPath: m_LocalPosition.z
      value: 12
      objectReference: {fileID: 0}
    - target: {fileID: 3827401120674770307, guid: 04ce9c606333b674381deb48f233a277,
        type: 3}
      propertyPath: m_LocalRotation.x
      value: 0
      objectReference: {fileID: 0}
    - target: {fileID: 3827401120674770307, guid: 04ce9c606333b674381deb48f233a277,
        type: 3}
      propertyPath: m_LocalRotation.y
      value: 0
      objectReference: {fileID: 0}
    - target: {fileID: 3827401120674770307, guid: 04ce9c606333b674381deb48f233a277,
        type: 3}
      propertyPath: m_LocalRotation.z
      value: 0
      objectReference: {fileID: 0}
    - target: {fileID: 3827401120674770307, guid: 04ce9c606333b674381deb48f233a277,
        type: 3}
      propertyPath: m_LocalRotation.w
      value: 1
      objectReference: {fileID: 0}
    - target: {fileID: 3827401120674770307, guid: 04ce9c606333b674381deb48f233a277,
        type: 3}
      propertyPath: m_RootOrder
      value: 2
      objectReference: {fileID: 0}
    - target: {fileID: 3827401120674770307, guid: 04ce9c606333b674381deb48f233a277,
        type: 3}
      propertyPath: m_LocalEulerAnglesHint.x
      value: 0
      objectReference: {fileID: 0}
    - target: {fileID: 3827401120674770307, guid: 04ce9c606333b674381deb48f233a277,
        type: 3}
      propertyPath: m_LocalEulerAnglesHint.y
      value: 0
      objectReference: {fileID: 0}
    - target: {fileID: 3827401120674770307, guid: 04ce9c606333b674381deb48f233a277,
        type: 3}
      propertyPath: m_LocalEulerAnglesHint.z
      value: 0
      objectReference: {fileID: 0}
    - target: {fileID: 8935671478945291720, guid: 04ce9c606333b674381deb48f233a277,
        type: 3}
      propertyPath: m_Name
      value: Pathway
      objectReference: {fileID: 0}
    m_RemovedComponents: []
  m_SourcePrefab: {fileID: 100100000, guid: 04ce9c606333b674381deb48f233a277, type: 3}
--- !u!4 &4944613296752046516 stripped
Transform:
  m_CorrespondingSourceObject: {fileID: 3827401120674770307, guid: 04ce9c606333b674381deb48f233a277,
    type: 3}
  m_PrefabInstance: {fileID: 8179489731505314871}
  m_PrefabAsset: {fileID: 0}
--- !u!114 &6085610243309076156 stripped
MonoBehaviour:
  m_CorrespondingSourceObject: {fileID: 2735669416405377675, guid: 04ce9c606333b674381deb48f233a277,
    type: 3}
  m_PrefabInstance: {fileID: 8179489731505314871}
  m_PrefabAsset: {fileID: 0}
  m_GameObject: {fileID: 0}
  m_Enabled: 1
  m_EditorHideFlags: 0
  m_Script: {fileID: 11500000, guid: dd60658e6871a844788f7768b8dd9a51, type: 3}
  m_Name: 
  m_EditorClassIdentifier: 
--- !u!1001 &8693995528053174370
PrefabInstance:
  m_ObjectHideFlags: 0
  serializedVersion: 2
  m_Modification:
    m_TransformParent: {fileID: 1993428388109178169}
    m_Modifications:
    - target: {fileID: -9159314051418274634, guid: dd38d9d5bb8df4742bba126a47e93229,
        type: 3}
      propertyPath: m_Materials.Array.data[0]
      value: 
      objectReference: {fileID: 2100000, guid: 32e0826440317b3489dac600e835663c, type: 2}
    - target: {fileID: -9159314051418274634, guid: dd38d9d5bb8df4742bba126a47e93229,
        type: 3}
      propertyPath: m_CastShadows
      value: 2
      objectReference: {fileID: 0}
    - target: {fileID: -8679921383154817045, guid: dd38d9d5bb8df4742bba126a47e93229,
        type: 3}
      propertyPath: m_LocalPosition.x
      value: 0
      objectReference: {fileID: 0}
    - target: {fileID: -8679921383154817045, guid: dd38d9d5bb8df4742bba126a47e93229,
        type: 3}
      propertyPath: m_LocalPosition.y
      value: 0
      objectReference: {fileID: 0}
    - target: {fileID: -8679921383154817045, guid: dd38d9d5bb8df4742bba126a47e93229,
        type: 3}
      propertyPath: m_LocalPosition.z
      value: 0
      objectReference: {fileID: 0}
    - target: {fileID: -8679921383154817045, guid: dd38d9d5bb8df4742bba126a47e93229,
        type: 3}
      propertyPath: m_LocalRotation.x
      value: -0
      objectReference: {fileID: 0}
    - target: {fileID: -8679921383154817045, guid: dd38d9d5bb8df4742bba126a47e93229,
        type: 3}
      propertyPath: m_LocalRotation.y
      value: -0
      objectReference: {fileID: 0}
    - target: {fileID: -8679921383154817045, guid: dd38d9d5bb8df4742bba126a47e93229,
        type: 3}
      propertyPath: m_LocalRotation.z
      value: -0
      objectReference: {fileID: 0}
    - target: {fileID: -8679921383154817045, guid: dd38d9d5bb8df4742bba126a47e93229,
        type: 3}
      propertyPath: m_LocalRotation.w
      value: 1
      objectReference: {fileID: 0}
    - target: {fileID: -8679921383154817045, guid: dd38d9d5bb8df4742bba126a47e93229,
        type: 3}
      propertyPath: m_RootOrder
      value: 0
      objectReference: {fileID: 0}
    - target: {fileID: -8679921383154817045, guid: dd38d9d5bb8df4742bba126a47e93229,
        type: 3}
      propertyPath: m_LocalEulerAnglesHint.x
      value: 0
      objectReference: {fileID: 0}
    - target: {fileID: -8679921383154817045, guid: dd38d9d5bb8df4742bba126a47e93229,
        type: 3}
      propertyPath: m_LocalEulerAnglesHint.y
      value: 0
      objectReference: {fileID: 0}
    - target: {fileID: -8679921383154817045, guid: dd38d9d5bb8df4742bba126a47e93229,
        type: 3}
      propertyPath: m_LocalEulerAnglesHint.z
      value: 0
      objectReference: {fileID: 0}
    - target: {fileID: -8260627125120282874, guid: dd38d9d5bb8df4742bba126a47e93229,
        type: 3}
      propertyPath: m_Materials.Array.data[0]
      value: 
      objectReference: {fileID: 2100000, guid: 32e0826440317b3489dac600e835663c, type: 2}
    - target: {fileID: -8260627125120282874, guid: dd38d9d5bb8df4742bba126a47e93229,
        type: 3}
      propertyPath: m_CastShadows
      value: 2
      objectReference: {fileID: 0}
    - target: {fileID: -5841397313611856455, guid: dd38d9d5bb8df4742bba126a47e93229,
        type: 3}
      propertyPath: m_Materials.Array.data[0]
      value: 
      objectReference: {fileID: 2100000, guid: 43a87c050510cf74ca453f7e821975a3, type: 2}
    - target: {fileID: -5841397313611856455, guid: dd38d9d5bb8df4742bba126a47e93229,
        type: 3}
      propertyPath: m_CastShadows
      value: 2
      objectReference: {fileID: 0}
    - target: {fileID: -5546175749386392572, guid: dd38d9d5bb8df4742bba126a47e93229,
        type: 3}
      propertyPath: m_StaticEditorFlags
      value: 4294967295
      objectReference: {fileID: 0}
    - target: {fileID: -5386540066938330032, guid: dd38d9d5bb8df4742bba126a47e93229,
        type: 3}
      propertyPath: m_StaticEditorFlags
      value: 4294967295
      objectReference: {fileID: 0}
    - target: {fileID: -4463058328293886279, guid: dd38d9d5bb8df4742bba126a47e93229,
        type: 3}
      propertyPath: m_StaticEditorFlags
      value: 4294967295
      objectReference: {fileID: 0}
    - target: {fileID: -3519070238057780543, guid: dd38d9d5bb8df4742bba126a47e93229,
        type: 3}
      propertyPath: m_StaticEditorFlags
      value: 4294967295
      objectReference: {fileID: 0}
    - target: {fileID: -3448673791752929045, guid: dd38d9d5bb8df4742bba126a47e93229,
        type: 3}
      propertyPath: m_Enabled
      value: 0
      objectReference: {fileID: 0}
    - target: {fileID: -3408112137378388214, guid: dd38d9d5bb8df4742bba126a47e93229,
        type: 3}
      propertyPath: m_Materials.Array.data[0]
      value: 
      objectReference: {fileID: 2100000, guid: ece60a240cb98a742810303f1afb24e6, type: 2}
    - target: {fileID: -3408112137378388214, guid: dd38d9d5bb8df4742bba126a47e93229,
        type: 3}
      propertyPath: m_CastShadows
      value: 2
      objectReference: {fileID: 0}
    - target: {fileID: -2920852841719943947, guid: dd38d9d5bb8df4742bba126a47e93229,
        type: 3}
      propertyPath: m_StaticEditorFlags
      value: 4294967295
      objectReference: {fileID: 0}
    - target: {fileID: -1449687160715781321, guid: dd38d9d5bb8df4742bba126a47e93229,
        type: 3}
      propertyPath: m_Materials.Array.data[0]
      value: 
      objectReference: {fileID: 2100000, guid: 43a87c050510cf74ca453f7e821975a3, type: 2}
    - target: {fileID: -1449687160715781321, guid: dd38d9d5bb8df4742bba126a47e93229,
        type: 3}
      propertyPath: m_CastShadows
      value: 2
      objectReference: {fileID: 0}
    - target: {fileID: -1130434207945115741, guid: dd38d9d5bb8df4742bba126a47e93229,
        type: 3}
      propertyPath: m_StaticEditorFlags
      value: 4294967295
      objectReference: {fileID: 0}
    - target: {fileID: 919132149155446097, guid: dd38d9d5bb8df4742bba126a47e93229,
        type: 3}
      propertyPath: m_Name
      value: tile_ramp_zigzag
      objectReference: {fileID: 0}
    - target: {fileID: 919132149155446097, guid: dd38d9d5bb8df4742bba126a47e93229,
        type: 3}
      propertyPath: m_StaticEditorFlags
      value: 4294967295
      objectReference: {fileID: 0}
    - target: {fileID: 1407601352661587451, guid: dd38d9d5bb8df4742bba126a47e93229,
        type: 3}
      propertyPath: m_StaticEditorFlags
      value: 4294967295
      objectReference: {fileID: 0}
    - target: {fileID: 3023518631479562748, guid: dd38d9d5bb8df4742bba126a47e93229,
        type: 3}
      propertyPath: m_Materials.Array.data[0]
      value: 
      objectReference: {fileID: 2100000, guid: bc99042766295ba4dbe35c2621fe6269, type: 2}
    - target: {fileID: 3023518631479562748, guid: dd38d9d5bb8df4742bba126a47e93229,
        type: 3}
      propertyPath: m_CastShadows
      value: 2
      objectReference: {fileID: 0}
    - target: {fileID: 3932333116229739722, guid: dd38d9d5bb8df4742bba126a47e93229,
        type: 3}
      propertyPath: m_StaticEditorFlags
      value: 4294967295
      objectReference: {fileID: 0}
    - target: {fileID: 5385113866048693128, guid: dd38d9d5bb8df4742bba126a47e93229,
        type: 3}
      propertyPath: m_Materials.Array.data[0]
      value: 
      objectReference: {fileID: 2100000, guid: ece60a240cb98a742810303f1afb24e6, type: 2}
    - target: {fileID: 5385113866048693128, guid: dd38d9d5bb8df4742bba126a47e93229,
        type: 3}
      propertyPath: m_CastShadows
      value: 2
      objectReference: {fileID: 0}
    - target: {fileID: 6776897135273815471, guid: dd38d9d5bb8df4742bba126a47e93229,
        type: 3}
      propertyPath: m_StaticEditorFlags
      value: 4294967295
      objectReference: {fileID: 0}
    - target: {fileID: 8846031677951843614, guid: dd38d9d5bb8df4742bba126a47e93229,
        type: 3}
      propertyPath: m_Enabled
      value: 0
      objectReference: {fileID: 0}
    m_RemovedComponents: []
  m_SourcePrefab: {fileID: 100100000, guid: dd38d9d5bb8df4742bba126a47e93229, type: 3}
--- !u!4 &9164261895648892809 stripped
Transform:
  m_CorrespondingSourceObject: {fileID: -8679921383154817045, guid: dd38d9d5bb8df4742bba126a47e93229,
    type: 3}
  m_PrefabInstance: {fileID: 8693995528053174370}
  m_PrefabAsset: {fileID: 0}
--- !u!1 &5453648406704659558 stripped
GameObject:
  m_CorrespondingSourceObject: {fileID: -5546175749386392572, guid: dd38d9d5bb8df4742bba126a47e93229,
    type: 3}
  m_PrefabInstance: {fileID: 8693995528053174370}
  m_PrefabAsset: {fileID: 0}
--- !u!1 &7723544882541847961 stripped
GameObject:
  m_CorrespondingSourceObject: {fileID: 1407601352661587451, guid: dd38d9d5bb8df4742bba126a47e93229,
    type: 3}
  m_PrefabInstance: {fileID: 8693995528053174370}
  m_PrefabAsset: {fileID: 0}
--- !u!1 &3445338439080615063 stripped
GameObject:
  m_CorrespondingSourceObject: {fileID: -2920852841719943947, guid: dd38d9d5bb8df4742bba126a47e93229,
    type: 3}
  m_PrefabInstance: {fileID: 8693995528053174370}
  m_PrefabAsset: {fileID: 0}
--- !u!1 &641941950283024321 stripped
GameObject:
  m_CorrespondingSourceObject: {fileID: -1130434207945115741, guid: dd38d9d5bb8df4742bba126a47e93229,
    type: 3}
  m_PrefabInstance: {fileID: 8693995528053174370}
  m_PrefabAsset: {fileID: 0}
--- !u!1 &5635466567628182696 stripped
GameObject:
  m_CorrespondingSourceObject: {fileID: 3932333116229739722, guid: dd38d9d5bb8df4742bba126a47e93229,
    type: 3}
  m_PrefabInstance: {fileID: 8693995528053174370}
  m_PrefabAsset: {fileID: 0}
--- !u!1 &5591338267104171058 stripped
GameObject:
  m_CorrespondingSourceObject: {fileID: -5386540066938330032, guid: dd38d9d5bb8df4742bba126a47e93229,
    type: 3}
  m_PrefabInstance: {fileID: 8693995528053174370}
  m_PrefabAsset: {fileID: 0}
--- !u!1 &4003285131146762915 stripped
GameObject:
  m_CorrespondingSourceObject: {fileID: -3519070238057780543, guid: dd38d9d5bb8df4742bba126a47e93229,
    type: 3}
  m_PrefabInstance: {fileID: 8693995528053174370}
  m_PrefabAsset: {fileID: 0}
--- !u!1 &2786363500445441485 stripped
GameObject:
  m_CorrespondingSourceObject: {fileID: 6776897135273815471, guid: dd38d9d5bb8df4742bba126a47e93229,
    type: 3}
  m_PrefabInstance: {fileID: 8693995528053174370}
  m_PrefabAsset: {fileID: 0}
