%YAML 1.1
%TAG !u! tag:unity3d.com,2011:
--- !u!64 &6011865524000001812
MeshCollider:
  m_ObjectHideFlags: 0
  m_CorrespondingSourceObject: {fileID: 0}
  m_PrefabInstance: {fileID: 0}
  m_PrefabAsset: {fileID: 0}
  m_GameObject: {fileID: 1071987987922651080}
  m_Material: {fileID: 0}
  m_IsTrigger: 0
  m_Enabled: 1
  serializedVersion: 4
  m_Convex: 0
  m_CookingOptions: 30
  m_Mesh: {fileID: 5266698418618001077, guid: 5f39576b99d5eff49a2739f97728ba7f, type: 3}
--- !u!1 &1860705388696252644
GameObject:
  m_ObjectHideFlags: 0
  m_CorrespondingSourceObject: {fileID: 0}
  m_PrefabInstance: {fileID: 0}
  m_PrefabAsset: {fileID: 0}
  serializedVersion: 6
  m_Component:
  - component: {fileID: 1629415160703811399}
  m_Layer: 0
  m_Name: tile_dungeon_hallway_rock
  m_TagString: Untagged
  m_Icon: {fileID: 0}
  m_NavMeshLayer: 0
  m_StaticEditorFlags: 0
  m_IsActive: 1
--- !u!4 &1629415160703811399
Transform:
  m_ObjectHideFlags: 0
  m_CorrespondingSourceObject: {fileID: 0}
  m_PrefabInstance: {fileID: 0}
  m_PrefabAsset: {fileID: 0}
  m_GameObject: {fileID: 1860705388696252644}
  m_LocalRotation: {x: 0, y: 0, z: 0, w: 1}
  m_LocalPosition: {x: 0, y: 0, z: 0}
  m_LocalScale: {x: 1, y: 1, z: 1}
  m_Children:
  - {fileID: 5492944179550637174}
  - {fileID: 5994327857339563332}
  - {fileID: 7896407911295831553}
  - {fileID: 4695035266450017479}
  - {fileID: 3778618626490519208}
  - {fileID: 4774002018221377814}
  - {fileID: 9126575872945516542}
  - {fileID: 1231299662126686318}
  - {fileID: 1272836549630767750}
  - {fileID: 4287742913080511686}
  - {fileID: 8396692977847347579}
  - {fileID: 898720609870485383}
  m_Father: {fileID: 0}
  m_RootOrder: 0
  m_LocalEulerAnglesHint: {x: 0, y: 0, z: 0}
--- !u!64 &1052325838477850223
MeshCollider:
  m_ObjectHideFlags: 0
  m_CorrespondingSourceObject: {fileID: 0}
  m_PrefabInstance: {fileID: 0}
  m_PrefabAsset: {fileID: 0}
  m_GameObject: {fileID: 1891877048850534039}
  m_Material: {fileID: 0}
  m_IsTrigger: 0
  m_Enabled: 1
  serializedVersion: 4
  m_Convex: 0
  m_CookingOptions: 30
  m_Mesh: {fileID: -487421544987075249, guid: 5f39576b99d5eff49a2739f97728ba7f, type: 3}
--- !u!64 &8132640521723117220
MeshCollider:
  m_ObjectHideFlags: 0
  m_CorrespondingSourceObject: {fileID: 0}
  m_PrefabInstance: {fileID: 0}
  m_PrefabAsset: {fileID: 0}
  m_GameObject: {fileID: 4021420203717743403}
  m_Material: {fileID: 0}
  m_IsTrigger: 0
  m_Enabled: 1
  serializedVersion: 4
  m_Convex: 0
  m_CookingOptions: 30
  m_Mesh: {fileID: -2086181498969626973, guid: 5f39576b99d5eff49a2739f97728ba7f, type: 3}
--- !u!64 &6206110361697550787
MeshCollider:
  m_ObjectHideFlags: 0
  m_CorrespondingSourceObject: {fileID: 0}
  m_PrefabInstance: {fileID: 0}
  m_PrefabAsset: {fileID: 0}
  m_GameObject: {fileID: 4834701757093346250}
  m_Material: {fileID: 0}
  m_IsTrigger: 0
  m_Enabled: 1
  serializedVersion: 4
  m_Convex: 0
  m_CookingOptions: 30
  m_Mesh: {fileID: 2964670406104388427, guid: 5f39576b99d5eff49a2739f97728ba7f, type: 3}
--- !u!64 &2198868479199455986
MeshCollider:
  m_ObjectHideFlags: 0
  m_CorrespondingSourceObject: {fileID: 0}
  m_PrefabInstance: {fileID: 0}
  m_PrefabAsset: {fileID: 0}
  m_GameObject: {fileID: 5235562787660406825}
  m_Material: {fileID: 0}
  m_IsTrigger: 0
  m_Enabled: 1
  serializedVersion: 4
  m_Convex: 0
  m_CookingOptions: 30
  m_Mesh: {fileID: 2300962577732079921, guid: 5f39576b99d5eff49a2739f97728ba7f, type: 3}
--- !u!64 &8272100681075646047
MeshCollider:
  m_ObjectHideFlags: 0
  m_CorrespondingSourceObject: {fileID: 0}
  m_PrefabInstance: {fileID: 0}
  m_PrefabAsset: {fileID: 0}
  m_GameObject: {fileID: 6268443298507680534}
  m_Material: {fileID: 0}
  m_IsTrigger: 0
  m_Enabled: 1
  serializedVersion: 4
  m_Convex: 0
  m_CookingOptions: 30
  m_Mesh: {fileID: -4864458650125817354, guid: 5f39576b99d5eff49a2739f97728ba7f, type: 3}
--- !u!64 &2080351472289561189
MeshCollider:
  m_ObjectHideFlags: 0
  m_CorrespondingSourceObject: {fileID: 0}
  m_PrefabInstance: {fileID: 0}
  m_PrefabAsset: {fileID: 0}
  m_GameObject: {fileID: 8376852524733670707}
  m_Material: {fileID: 0}
  m_IsTrigger: 0
  m_Enabled: 1
  serializedVersion: 4
  m_Convex: 0
  m_CookingOptions: 30
  m_Mesh: {fileID: 5129403438299779259, guid: 5f39576b99d5eff49a2739f97728ba7f, type: 3}
--- !u!1001 &1121882419729698469
PrefabInstance:
  m_ObjectHideFlags: 0
  serializedVersion: 2
  m_Modification:
    m_TransformParent: {fileID: 1629415160703811399}
    m_Modifications:
    - target: {fileID: 3751680371362775651, guid: bb3318df31e8aba4498df15ae81aa657,
        type: 3}
      propertyPath: m_LocalPosition.x
      value: 3.5
      objectReference: {fileID: 0}
    - target: {fileID: 3751680371362775651, guid: bb3318df31e8aba4498df15ae81aa657,
        type: 3}
      propertyPath: m_LocalPosition.y
      value: 0
      objectReference: {fileID: 0}
    - target: {fileID: 3751680371362775651, guid: bb3318df31e8aba4498df15ae81aa657,
        type: 3}
      propertyPath: m_LocalPosition.z
      value: -8
      objectReference: {fileID: 0}
    - target: {fileID: 3751680371362775651, guid: bb3318df31e8aba4498df15ae81aa657,
        type: 3}
      propertyPath: m_LocalRotation.x
      value: 0
      objectReference: {fileID: 0}
    - target: {fileID: 3751680371362775651, guid: bb3318df31e8aba4498df15ae81aa657,
        type: 3}
      propertyPath: m_LocalRotation.y
      value: -0.7071068
      objectReference: {fileID: 0}
    - target: {fileID: 3751680371362775651, guid: bb3318df31e8aba4498df15ae81aa657,
        type: 3}
      propertyPath: m_LocalRotation.z
      value: 0
      objectReference: {fileID: 0}
    - target: {fileID: 3751680371362775651, guid: bb3318df31e8aba4498df15ae81aa657,
        type: 3}
      propertyPath: m_LocalRotation.w
      value: 0.7071068
      objectReference: {fileID: 0}
    - target: {fileID: 3751680371362775651, guid: bb3318df31e8aba4498df15ae81aa657,
        type: 3}
      propertyPath: m_RootOrder
      value: 9
      objectReference: {fileID: 0}
    - target: {fileID: 3751680371362775651, guid: bb3318df31e8aba4498df15ae81aa657,
        type: 3}
      propertyPath: m_LocalEulerAnglesHint.x
      value: 0
      objectReference: {fileID: 0}
    - target: {fileID: 3751680371362775651, guid: bb3318df31e8aba4498df15ae81aa657,
        type: 3}
      propertyPath: m_LocalEulerAnglesHint.y
      value: -90
      objectReference: {fileID: 0}
    - target: {fileID: 3751680371362775651, guid: bb3318df31e8aba4498df15ae81aa657,
        type: 3}
      propertyPath: m_LocalEulerAnglesHint.z
      value: 0
      objectReference: {fileID: 0}
    - target: {fileID: 7540878468726180491, guid: bb3318df31e8aba4498df15ae81aa657,
        type: 3}
      propertyPath: m_Name
      value: deco_torch_small (1)
      objectReference: {fileID: 0}
    m_RemovedComponents: []
  m_SourcePrefab: {fileID: 100100000, guid: bb3318df31e8aba4498df15ae81aa657, type: 3}
--- !u!4 &4287742913080511686 stripped
Transform:
  m_CorrespondingSourceObject: {fileID: 3751680371362775651, guid: bb3318df31e8aba4498df15ae81aa657,
    type: 3}
  m_PrefabInstance: {fileID: 1121882419729698469}
  m_PrefabAsset: {fileID: 0}
--- !u!1001 &1479778446512223164
PrefabInstance:
  m_ObjectHideFlags: 0
  serializedVersion: 2
  m_Modification:
    m_TransformParent: {fileID: 1629415160703811399}
    m_Modifications:
    - target: {fileID: 487243255437973317, guid: 740648b0b996ba148a76e0d9b869fb16,
        type: 3}
      propertyPath: m_Size.x
      value: 8
      objectReference: {fileID: 0}
    - target: {fileID: 487243255437973317, guid: 740648b0b996ba148a76e0d9b869fb16,
        type: 3}
      propertyPath: m_Size.y
      value: 8
      objectReference: {fileID: 0}
    - target: {fileID: 487243255437973317, guid: 740648b0b996ba148a76e0d9b869fb16,
        type: 3}
      propertyPath: m_Size.z
      value: 24
      objectReference: {fileID: 0}
    - target: {fileID: 1417693665624029033, guid: 740648b0b996ba148a76e0d9b869fb16,
        type: 3}
      propertyPath: m_Name
      value: Area Data
      objectReference: {fileID: 0}
    - target: {fileID: 4268913019039595364, guid: 740648b0b996ba148a76e0d9b869fb16,
        type: 3}
      propertyPath: pathWays.Array.size
      value: 2
      objectReference: {fileID: 0}
    - target: {fileID: 4268913019039595364, guid: 740648b0b996ba148a76e0d9b869fb16,
        type: 3}
      propertyPath: rootObj
      value: 
      objectReference: {fileID: 1629415160703811399}
    - target: {fileID: 4268913019039595364, guid: 740648b0b996ba148a76e0d9b869fb16,
        type: 3}
      propertyPath: pathWays.Array.data[0]
      value: 
      objectReference: {fileID: 4889366237761352268}
    - target: {fileID: 4268913019039595364, guid: 740648b0b996ba148a76e0d9b869fb16,
        type: 3}
      propertyPath: pathWays.Array.data[1]
      value: 
      objectReference: {fileID: 9042956429222281481}
    - target: {fileID: 6391699724059656138, guid: 740648b0b996ba148a76e0d9b869fb16,
        type: 3}
      propertyPath: m_LocalPosition.x
      value: 0
      objectReference: {fileID: 0}
    - target: {fileID: 6391699724059656138, guid: 740648b0b996ba148a76e0d9b869fb16,
        type: 3}
      propertyPath: m_LocalPosition.y
      value: 0
      objectReference: {fileID: 0}
    - target: {fileID: 6391699724059656138, guid: 740648b0b996ba148a76e0d9b869fb16,
        type: 3}
      propertyPath: m_LocalPosition.z
      value: 0
      objectReference: {fileID: 0}
    - target: {fileID: 6391699724059656138, guid: 740648b0b996ba148a76e0d9b869fb16,
        type: 3}
      propertyPath: m_LocalRotation.x
      value: -0
      objectReference: {fileID: 0}
    - target: {fileID: 6391699724059656138, guid: 740648b0b996ba148a76e0d9b869fb16,
        type: 3}
      propertyPath: m_LocalRotation.y
      value: -0
      objectReference: {fileID: 0}
    - target: {fileID: 6391699724059656138, guid: 740648b0b996ba148a76e0d9b869fb16,
        type: 3}
      propertyPath: m_LocalRotation.z
      value: -0
      objectReference: {fileID: 0}
    - target: {fileID: 6391699724059656138, guid: 740648b0b996ba148a76e0d9b869fb16,
        type: 3}
      propertyPath: m_LocalRotation.w
      value: 1
      objectReference: {fileID: 0}
    - target: {fileID: 6391699724059656138, guid: 740648b0b996ba148a76e0d9b869fb16,
        type: 3}
      propertyPath: m_RootOrder
      value: 0
      objectReference: {fileID: 0}
    - target: {fileID: 6391699724059656138, guid: 740648b0b996ba148a76e0d9b869fb16,
        type: 3}
      propertyPath: m_LocalEulerAnglesHint.x
      value: 0
      objectReference: {fileID: 0}
    - target: {fileID: 6391699724059656138, guid: 740648b0b996ba148a76e0d9b869fb16,
        type: 3}
      propertyPath: m_LocalEulerAnglesHint.y
      value: 0
      objectReference: {fileID: 0}
    - target: {fileID: 6391699724059656138, guid: 740648b0b996ba148a76e0d9b869fb16,
        type: 3}
      propertyPath: m_LocalEulerAnglesHint.z
      value: 0
      objectReference: {fileID: 0}
    m_RemovedComponents: []
  m_SourcePrefab: {fileID: 100100000, guid: 740648b0b996ba148a76e0d9b869fb16, type: 3}
--- !u!4 &5492944179550637174 stripped
Transform:
  m_CorrespondingSourceObject: {fileID: 6391699724059656138, guid: 740648b0b996ba148a76e0d9b869fb16,
    type: 3}
  m_PrefabInstance: {fileID: 1479778446512223164}
  m_PrefabAsset: {fileID: 0}
--- !u!1001 &1491030536599588072
PrefabInstance:
  m_ObjectHideFlags: 0
  serializedVersion: 2
  m_Modification:
    m_TransformParent: {fileID: 1629415160703811399}
    m_Modifications:
    - target: {fileID: 3543421499494661069, guid: 7e33b29b50794b84a89f347504a9b0fb,
        type: 3}
      propertyPath: m_Mesh
      value: 
      objectReference: {fileID: 0}
    - target: {fileID: 5797753535670321582, guid: 7e33b29b50794b84a89f347504a9b0fb,
        type: 3}
      propertyPath: m_Name
      value: dirt_overlay (1)
      objectReference: {fileID: 0}
    - target: {fileID: 6264962095848228350, guid: 7e33b29b50794b84a89f347504a9b0fb,
        type: 3}
      propertyPath: m_LocalPosition.x
      value: -2.51
      objectReference: {fileID: 0}
    - target: {fileID: 6264962095848228350, guid: 7e33b29b50794b84a89f347504a9b0fb,
        type: 3}
      propertyPath: m_LocalPosition.y
      value: -2.86
      objectReference: {fileID: 0}
    - target: {fileID: 6264962095848228350, guid: 7e33b29b50794b84a89f347504a9b0fb,
        type: 3}
      propertyPath: m_LocalPosition.z
      value: -4.1
      objectReference: {fileID: 0}
    - target: {fileID: 6264962095848228350, guid: 7e33b29b50794b84a89f347504a9b0fb,
        type: 3}
      propertyPath: m_LocalRotation.x
      value: -0.70710677
      objectReference: {fileID: 0}
    - target: {fileID: 6264962095848228350, guid: 7e33b29b50794b84a89f347504a9b0fb,
        type: 3}
      propertyPath: m_LocalRotation.y
      value: 0.00000018626451
      objectReference: {fileID: 0}
    - target: {fileID: 6264962095848228350, guid: 7e33b29b50794b84a89f347504a9b0fb,
        type: 3}
      propertyPath: m_LocalRotation.z
      value: 0.00000007363732
      objectReference: {fileID: 0}
    - target: {fileID: 6264962095848228350, guid: 7e33b29b50794b84a89f347504a9b0fb,
        type: 3}
      propertyPath: m_LocalRotation.w
      value: 0.7071068
      objectReference: {fileID: 0}
    - target: {fileID: 6264962095848228350, guid: 7e33b29b50794b84a89f347504a9b0fb,
        type: 3}
      propertyPath: m_RootOrder
      value: 5
      objectReference: {fileID: 0}
    - target: {fileID: 6264962095848228350, guid: 7e33b29b50794b84a89f347504a9b0fb,
        type: 3}
      propertyPath: m_LocalEulerAnglesHint.x
      value: -90
      objectReference: {fileID: 0}
    - target: {fileID: 6264962095848228350, guid: 7e33b29b50794b84a89f347504a9b0fb,
        type: 3}
      propertyPath: m_LocalEulerAnglesHint.y
      value: 0
      objectReference: {fileID: 0}
    - target: {fileID: 6264962095848228350, guid: 7e33b29b50794b84a89f347504a9b0fb,
        type: 3}
      propertyPath: m_LocalEulerAnglesHint.z
      value: 0
      objectReference: {fileID: 0}
    - target: {fileID: 6264962095848228350, guid: 7e33b29b50794b84a89f347504a9b0fb,
        type: 3}
      propertyPath: m_LocalScale.x
      value: 0.84467804
      objectReference: {fileID: 0}
    - target: {fileID: 6264962095848228350, guid: 7e33b29b50794b84a89f347504a9b0fb,
        type: 3}
      propertyPath: m_LocalScale.y
      value: 0.84467804
      objectReference: {fileID: 0}
    - target: {fileID: 6264962095848228350, guid: 7e33b29b50794b84a89f347504a9b0fb,
        type: 3}
      propertyPath: m_LocalScale.z
      value: 0.84467804
      objectReference: {fileID: 0}
    - target: {fileID: 6435000119060639784, guid: 7e33b29b50794b84a89f347504a9b0fb,
        type: 3}
      propertyPath: m_Mesh
      value: 
      objectReference: {fileID: 0}
    - target: {fileID: 8237994845959693084, guid: 7e33b29b50794b84a89f347504a9b0fb,
        type: 3}
      propertyPath: m_Mesh
      value: 
      objectReference: {fileID: 0}
    m_RemovedComponents: []
  m_SourcePrefab: {fileID: 100100000, guid: 7e33b29b50794b84a89f347504a9b0fb, type: 3}
--- !u!4 &4774002018221377814 stripped
Transform:
  m_CorrespondingSourceObject: {fileID: 6264962095848228350, guid: 7e33b29b50794b84a89f347504a9b0fb,
    type: 3}
  m_PrefabInstance: {fileID: 1491030536599588072}
  m_PrefabAsset: {fileID: 0}
--- !u!1001 &2718665038180282597
PrefabInstance:
  m_ObjectHideFlags: 0
  serializedVersion: 2
  m_Modification:
    m_TransformParent: {fileID: 1629415160703811399}
    m_Modifications:
    - target: {fileID: 3751680371362775651, guid: bb3318df31e8aba4498df15ae81aa657,
        type: 3}
      propertyPath: m_LocalPosition.x
      value: -3.707534
      objectReference: {fileID: 0}
    - target: {fileID: 3751680371362775651, guid: bb3318df31e8aba4498df15ae81aa657,
        type: 3}
      propertyPath: m_LocalPosition.y
      value: 0
      objectReference: {fileID: 0}
    - target: {fileID: 3751680371362775651, guid: bb3318df31e8aba4498df15ae81aa657,
        type: 3}
      propertyPath: m_LocalPosition.z
      value: -0.07018577
      objectReference: {fileID: 0}
    - target: {fileID: 3751680371362775651, guid: bb3318df31e8aba4498df15ae81aa657,
        type: 3}
      propertyPath: m_LocalRotation.x
      value: -0
      objectReference: {fileID: 0}
    - target: {fileID: 3751680371362775651, guid: bb3318df31e8aba4498df15ae81aa657,
        type: 3}
      propertyPath: m_LocalRotation.y
      value: 0.68184125
      objectReference: {fileID: 0}
    - target: {fileID: 3751680371362775651, guid: bb3318df31e8aba4498df15ae81aa657,
        type: 3}
      propertyPath: m_LocalRotation.z
      value: -0
      objectReference: {fileID: 0}
    - target: {fileID: 3751680371362775651, guid: bb3318df31e8aba4498df15ae81aa657,
        type: 3}
      propertyPath: m_LocalRotation.w
      value: 0.7315002
      objectReference: {fileID: 0}
    - target: {fileID: 3751680371362775651, guid: bb3318df31e8aba4498df15ae81aa657,
        type: 3}
      propertyPath: m_RootOrder
      value: 8
      objectReference: {fileID: 0}
    - target: {fileID: 3751680371362775651, guid: bb3318df31e8aba4498df15ae81aa657,
        type: 3}
      propertyPath: m_LocalEulerAnglesHint.x
      value: 0
      objectReference: {fileID: 0}
    - target: {fileID: 3751680371362775651, guid: bb3318df31e8aba4498df15ae81aa657,
        type: 3}
      propertyPath: m_LocalEulerAnglesHint.y
      value: 85.975
      objectReference: {fileID: 0}
    - target: {fileID: 3751680371362775651, guid: bb3318df31e8aba4498df15ae81aa657,
        type: 3}
      propertyPath: m_LocalEulerAnglesHint.z
      value: 0
      objectReference: {fileID: 0}
    - target: {fileID: 7540878468726180491, guid: bb3318df31e8aba4498df15ae81aa657,
        type: 3}
      propertyPath: m_Name
      value: deco_torch_small
      objectReference: {fileID: 0}
    m_RemovedComponents: []
  m_SourcePrefab: {fileID: 100100000, guid: bb3318df31e8aba4498df15ae81aa657, type: 3}
--- !u!4 &1272836549630767750 stripped
Transform:
  m_CorrespondingSourceObject: {fileID: 3751680371362775651, guid: bb3318df31e8aba4498df15ae81aa657,
    type: 3}
  m_PrefabInstance: {fileID: 2718665038180282597}
  m_PrefabAsset: {fileID: 0}
--- !u!1001 &2907497644081506816
PrefabInstance:
  m_ObjectHideFlags: 0
  serializedVersion: 2
  m_Modification:
    m_TransformParent: {fileID: 1629415160703811399}
    m_Modifications:
    - target: {fileID: 3543421499494661069, guid: 7e33b29b50794b84a89f347504a9b0fb,
        type: 3}
      propertyPath: m_Mesh
      value: 
      objectReference: {fileID: 0}
    - target: {fileID: 5797753535670321582, guid: 7e33b29b50794b84a89f347504a9b0fb,
        type: 3}
      propertyPath: m_Name
      value: dirt_overlay (2)
      objectReference: {fileID: 0}
    - target: {fileID: 6264962095848228350, guid: 7e33b29b50794b84a89f347504a9b0fb,
        type: 3}
      propertyPath: m_LocalPosition.x
      value: 2.56
      objectReference: {fileID: 0}
    - target: {fileID: 6264962095848228350, guid: 7e33b29b50794b84a89f347504a9b0fb,
        type: 3}
      propertyPath: m_LocalPosition.y
      value: -2.86
      objectReference: {fileID: 0}
    - target: {fileID: 6264962095848228350, guid: 7e33b29b50794b84a89f347504a9b0fb,
        type: 3}
      propertyPath: m_LocalPosition.z
      value: 4.16
      objectReference: {fileID: 0}
    - target: {fileID: 6264962095848228350, guid: 7e33b29b50794b84a89f347504a9b0fb,
        type: 3}
      propertyPath: m_LocalRotation.x
      value: 0.00000031023168
      objectReference: {fileID: 0}
    - target: {fileID: 6264962095848228350, guid: 7e33b29b50794b84a89f347504a9b0fb,
        type: 3}
      propertyPath: m_LocalRotation.y
      value: 0.70710677
      objectReference: {fileID: 0}
    - target: {fileID: 6264962095848228350, guid: 7e33b29b50794b84a89f347504a9b0fb,
        type: 3}
      propertyPath: m_LocalRotation.z
      value: 0.7071068
      objectReference: {fileID: 0}
    - target: {fileID: 6264962095848228350, guid: 7e33b29b50794b84a89f347504a9b0fb,
        type: 3}
      propertyPath: m_LocalRotation.w
      value: -0.00000018626451
      objectReference: {fileID: 0}
    - target: {fileID: 6264962095848228350, guid: 7e33b29b50794b84a89f347504a9b0fb,
        type: 3}
      propertyPath: m_RootOrder
      value: 6
      objectReference: {fileID: 0}
    - target: {fileID: 6264962095848228350, guid: 7e33b29b50794b84a89f347504a9b0fb,
        type: 3}
      propertyPath: m_LocalEulerAnglesHint.x
      value: -90
      objectReference: {fileID: 0}
    - target: {fileID: 6264962095848228350, guid: 7e33b29b50794b84a89f347504a9b0fb,
        type: 3}
      propertyPath: m_LocalEulerAnglesHint.y
      value: 0
      objectReference: {fileID: 0}
    - target: {fileID: 6264962095848228350, guid: 7e33b29b50794b84a89f347504a9b0fb,
        type: 3}
      propertyPath: m_LocalEulerAnglesHint.z
      value: 180
      objectReference: {fileID: 0}
    - target: {fileID: 6264962095848228350, guid: 7e33b29b50794b84a89f347504a9b0fb,
        type: 3}
      propertyPath: m_LocalScale.x
      value: 0.84467804
      objectReference: {fileID: 0}
    - target: {fileID: 6264962095848228350, guid: 7e33b29b50794b84a89f347504a9b0fb,
        type: 3}
      propertyPath: m_LocalScale.y
      value: 0.84467804
      objectReference: {fileID: 0}
    - target: {fileID: 6264962095848228350, guid: 7e33b29b50794b84a89f347504a9b0fb,
        type: 3}
      propertyPath: m_LocalScale.z
      value: 0.84467804
      objectReference: {fileID: 0}
    - target: {fileID: 6435000119060639784, guid: 7e33b29b50794b84a89f347504a9b0fb,
        type: 3}
      propertyPath: m_Mesh
      value: 
      objectReference: {fileID: 0}
    - target: {fileID: 8237994845959693084, guid: 7e33b29b50794b84a89f347504a9b0fb,
        type: 3}
      propertyPath: m_Mesh
      value: 
      objectReference: {fileID: 0}
    m_RemovedComponents: []
  m_SourcePrefab: {fileID: 100100000, guid: 7e33b29b50794b84a89f347504a9b0fb, type: 3}
--- !u!4 &9126575872945516542 stripped
Transform:
  m_CorrespondingSourceObject: {fileID: 6264962095848228350, guid: 7e33b29b50794b84a89f347504a9b0fb,
    type: 3}
  m_PrefabInstance: {fileID: 2907497644081506816}
  m_PrefabAsset: {fileID: 0}
--- !u!1001 &4654380798994672408
PrefabInstance:
  m_ObjectHideFlags: 0
  serializedVersion: 2
  m_Modification:
    m_TransformParent: {fileID: 1629415160703811399}
    m_Modifications:
    - target: {fileID: 3751680371362775651, guid: bb3318df31e8aba4498df15ae81aa657,
        type: 3}
      propertyPath: m_LocalPosition.x
      value: 3.5
      objectReference: {fileID: 0}
    - target: {fileID: 3751680371362775651, guid: bb3318df31e8aba4498df15ae81aa657,
        type: 3}
      propertyPath: m_LocalPosition.y
      value: 0
      objectReference: {fileID: 0}
    - target: {fileID: 3751680371362775651, guid: bb3318df31e8aba4498df15ae81aa657,
        type: 3}
      propertyPath: m_LocalPosition.z
      value: 8
      objectReference: {fileID: 0}
    - target: {fileID: 3751680371362775651, guid: bb3318df31e8aba4498df15ae81aa657,
        type: 3}
      propertyPath: m_LocalRotation.x
      value: 0
      objectReference: {fileID: 0}
    - target: {fileID: 3751680371362775651, guid: bb3318df31e8aba4498df15ae81aa657,
        type: 3}
      propertyPath: m_LocalRotation.y
      value: -0.7071068
      objectReference: {fileID: 0}
    - target: {fileID: 3751680371362775651, guid: bb3318df31e8aba4498df15ae81aa657,
        type: 3}
      propertyPath: m_LocalRotation.z
      value: 0
      objectReference: {fileID: 0}
    - target: {fileID: 3751680371362775651, guid: bb3318df31e8aba4498df15ae81aa657,
        type: 3}
      propertyPath: m_LocalRotation.w
      value: 0.7071068
      objectReference: {fileID: 0}
    - target: {fileID: 3751680371362775651, guid: bb3318df31e8aba4498df15ae81aa657,
        type: 3}
      propertyPath: m_RootOrder
      value: 10
      objectReference: {fileID: 0}
    - target: {fileID: 3751680371362775651, guid: bb3318df31e8aba4498df15ae81aa657,
        type: 3}
      propertyPath: m_LocalEulerAnglesHint.x
      value: 0
      objectReference: {fileID: 0}
    - target: {fileID: 3751680371362775651, guid: bb3318df31e8aba4498df15ae81aa657,
        type: 3}
      propertyPath: m_LocalEulerAnglesHint.y
      value: -90
      objectReference: {fileID: 0}
    - target: {fileID: 3751680371362775651, guid: bb3318df31e8aba4498df15ae81aa657,
        type: 3}
      propertyPath: m_LocalEulerAnglesHint.z
      value: 0
      objectReference: {fileID: 0}
    - target: {fileID: 7540878468726180491, guid: bb3318df31e8aba4498df15ae81aa657,
        type: 3}
      propertyPath: m_Name
      value: deco_torch_small (2)
      objectReference: {fileID: 0}
    m_RemovedComponents: []
  m_SourcePrefab: {fileID: 100100000, guid: bb3318df31e8aba4498df15ae81aa657, type: 3}
--- !u!4 &8396692977847347579 stripped
Transform:
  m_CorrespondingSourceObject: {fileID: 3751680371362775651, guid: bb3318df31e8aba4498df15ae81aa657,
    type: 3}
  m_PrefabInstance: {fileID: 4654380798994672408}
  m_PrefabAsset: {fileID: 0}
--- !u!1001 &5089811735398984492
PrefabInstance:
  m_ObjectHideFlags: 0
  serializedVersion: 2
  m_Modification:
    m_TransformParent: {fileID: 1629415160703811399}
    m_Modifications:
    - target: {fileID: -8810470856530374426, guid: 5f39576b99d5eff49a2739f97728ba7f,
        type: 3}
      propertyPath: m_StaticEditorFlags
      value: 4294967295
      objectReference: {fileID: 0}
    - target: {fileID: -8679921383154817045, guid: 5f39576b99d5eff49a2739f97728ba7f,
        type: 3}
      propertyPath: m_LocalPosition.x
      value: -0
      objectReference: {fileID: 0}
    - target: {fileID: -8679921383154817045, guid: 5f39576b99d5eff49a2739f97728ba7f,
        type: 3}
      propertyPath: m_LocalPosition.y
      value: 0
      objectReference: {fileID: 0}
    - target: {fileID: -8679921383154817045, guid: 5f39576b99d5eff49a2739f97728ba7f,
        type: 3}
      propertyPath: m_LocalPosition.z
      value: 0
      objectReference: {fileID: 0}
    - target: {fileID: -8679921383154817045, guid: 5f39576b99d5eff49a2739f97728ba7f,
        type: 3}
      propertyPath: m_LocalRotation.x
      value: 0
      objectReference: {fileID: 0}
    - target: {fileID: -8679921383154817045, guid: 5f39576b99d5eff49a2739f97728ba7f,
        type: 3}
      propertyPath: m_LocalRotation.y
      value: -0
      objectReference: {fileID: 0}
    - target: {fileID: -8679921383154817045, guid: 5f39576b99d5eff49a2739f97728ba7f,
        type: 3}
      propertyPath: m_LocalRotation.z
      value: -0
      objectReference: {fileID: 0}
    - target: {fileID: -8679921383154817045, guid: 5f39576b99d5eff49a2739f97728ba7f,
        type: 3}
      propertyPath: m_LocalRotation.w
      value: 1
      objectReference: {fileID: 0}
    - target: {fileID: -8679921383154817045, guid: 5f39576b99d5eff49a2739f97728ba7f,
        type: 3}
      propertyPath: m_RootOrder
      value: 3
      objectReference: {fileID: 0}
    - target: {fileID: -8679921383154817045, guid: 5f39576b99d5eff49a2739f97728ba7f,
        type: 3}
      propertyPath: m_LocalEulerAnglesHint.x
      value: 0
      objectReference: {fileID: 0}
    - target: {fileID: -8679921383154817045, guid: 5f39576b99d5eff49a2739f97728ba7f,
        type: 3}
      propertyPath: m_LocalEulerAnglesHint.y
      value: 0
      objectReference: {fileID: 0}
    - target: {fileID: -8679921383154817045, guid: 5f39576b99d5eff49a2739f97728ba7f,
        type: 3}
      propertyPath: m_LocalEulerAnglesHint.z
      value: 0
      objectReference: {fileID: 0}
    - target: {fileID: -8211521912102024443, guid: 5f39576b99d5eff49a2739f97728ba7f,
        type: 3}
      propertyPath: m_StaticEditorFlags
      value: 4294967295
      objectReference: {fileID: 0}
    - target: {fileID: -7698394126543826747, guid: 5f39576b99d5eff49a2739f97728ba7f,
        type: 3}
      propertyPath: m_Materials.Array.data[0]
      value: 
      objectReference: {fileID: 2100000, guid: 7bed62a4f14ac4740a8963024fe99d8d, type: 2}
    - target: {fileID: -6825031702013220733, guid: 5f39576b99d5eff49a2739f97728ba7f,
        type: 3}
      propertyPath: m_Materials.Array.data[0]
      value: 
      objectReference: {fileID: 2100000, guid: 78ffd565651ad5e449dedcf3fc76da3e, type: 2}
    - target: {fileID: -2529922480082950725, guid: 5f39576b99d5eff49a2739f97728ba7f,
        type: 3}
      propertyPath: m_StaticEditorFlags
      value: 4294967295
      objectReference: {fileID: 0}
    - target: {fileID: -764636374400237443, guid: 5f39576b99d5eff49a2739f97728ba7f,
        type: 3}
      propertyPath: m_Materials.Array.data[0]
      value: 
      objectReference: {fileID: 2100000, guid: 78ffd565651ad5e449dedcf3fc76da3e, type: 2}
    - target: {fileID: 919132149155446097, guid: 5f39576b99d5eff49a2739f97728ba7f,
        type: 3}
      propertyPath: m_Name
      value: tile_hallway_rock
      objectReference: {fileID: 0}
    - target: {fileID: 919132149155446097, guid: 5f39576b99d5eff49a2739f97728ba7f,
        type: 3}
      propertyPath: m_StaticEditorFlags
      value: 4294967295
      objectReference: {fileID: 0}
    - target: {fileID: 1179766328096473146, guid: 5f39576b99d5eff49a2739f97728ba7f,
        type: 3}
      propertyPath: m_StaticEditorFlags
      value: 4294967295
      objectReference: {fileID: 0}
    - target: {fileID: 3666539446482210335, guid: 5f39576b99d5eff49a2739f97728ba7f,
        type: 3}
      propertyPath: m_StaticEditorFlags
      value: 4294967295
      objectReference: {fileID: 0}
    - target: {fileID: 4011224133541172821, guid: 5f39576b99d5eff49a2739f97728ba7f,
        type: 3}
      propertyPath: m_Materials.Array.data[0]
      value: 
      objectReference: {fileID: 2100000, guid: 32e0826440317b3489dac600e835663c, type: 2}
    - target: {fileID: 5051671877973916495, guid: 5f39576b99d5eff49a2739f97728ba7f,
        type: 3}
      propertyPath: m_Materials.Array.data[0]
      value: 
      objectReference: {fileID: 2100000, guid: 78ffd565651ad5e449dedcf3fc76da3e, type: 2}
    - target: {fileID: 5206956852089171172, guid: 5f39576b99d5eff49a2739f97728ba7f,
        type: 3}
      propertyPath: m_StaticEditorFlags
      value: 4294967295
      objectReference: {fileID: 0}
    - target: {fileID: 6847183975250345150, guid: 5f39576b99d5eff49a2739f97728ba7f,
        type: 3}
      propertyPath: m_Materials.Array.data[0]
      value: 
      objectReference: {fileID: 2100000, guid: 7bed62a4f14ac4740a8963024fe99d8d, type: 2}
    - target: {fileID: 8172996003197024263, guid: 5f39576b99d5eff49a2739f97728ba7f,
        type: 3}
      propertyPath: m_StaticEditorFlags
      value: 4294967295
      objectReference: {fileID: 0}
    - target: {fileID: 8275585900466499899, guid: 5f39576b99d5eff49a2739f97728ba7f,
        type: 3}
      propertyPath: m_Materials.Array.data[0]
      value: 
      objectReference: {fileID: 2100000, guid: 32e0826440317b3489dac600e835663c, type: 2}
    m_RemovedComponents: []
  m_SourcePrefab: {fileID: 100100000, guid: 5f39576b99d5eff49a2739f97728ba7f, type: 3}
--- !u!1 &4834701757093346250 stripped
GameObject:
  m_CorrespondingSourceObject: {fileID: -8810470856530374426, guid: 5f39576b99d5eff49a2739f97728ba7f,
    type: 3}
  m_PrefabInstance: {fileID: 5089811735398984492}
  m_PrefabAsset: {fileID: 0}
--- !u!4 &4695035266450017479 stripped
Transform:
  m_CorrespondingSourceObject: {fileID: -8679921383154817045, guid: 5f39576b99d5eff49a2739f97728ba7f,
    type: 3}
  m_PrefabInstance: {fileID: 5089811735398984492}
  m_PrefabAsset: {fileID: 0}
--- !u!1 &1071987987922651080 stripped
GameObject:
  m_CorrespondingSourceObject: {fileID: 5206956852089171172, guid: 5f39576b99d5eff49a2739f97728ba7f,
    type: 3}
  m_PrefabInstance: {fileID: 5089811735398984492}
  m_PrefabAsset: {fileID: 0}
--- !u!1 &6268443298507680534 stripped
GameObject:
  m_CorrespondingSourceObject: {fileID: 1179766328096473146, guid: 5f39576b99d5eff49a2739f97728ba7f,
    type: 3}
  m_PrefabInstance: {fileID: 5089811735398984492}
  m_PrefabAsset: {fileID: 0}
--- !u!1 &4021420203717743403 stripped
GameObject:
  m_CorrespondingSourceObject: {fileID: 8172996003197024263, guid: 5f39576b99d5eff49a2739f97728ba7f,
    type: 3}
  m_PrefabInstance: {fileID: 5089811735398984492}
  m_PrefabAsset: {fileID: 0}
--- !u!1 &1891877048850534039 stripped
GameObject:
  m_CorrespondingSourceObject: {fileID: -2529922480082950725, guid: 5f39576b99d5eff49a2739f97728ba7f,
    type: 3}
  m_PrefabInstance: {fileID: 5089811735398984492}
  m_PrefabAsset: {fileID: 0}
--- !u!1 &8376852524733670707 stripped
GameObject:
  m_CorrespondingSourceObject: {fileID: 3666539446482210335, guid: 5f39576b99d5eff49a2739f97728ba7f,
    type: 3}
  m_PrefabInstance: {fileID: 5089811735398984492}
  m_PrefabAsset: {fileID: 0}
--- !u!1 &5235562787660406825 stripped
GameObject:
  m_CorrespondingSourceObject: {fileID: -8211521912102024443, guid: 5f39576b99d5eff49a2739f97728ba7f,
    type: 3}
  m_PrefabInstance: {fileID: 5089811735398984492}
  m_PrefabAsset: {fileID: 0}
--- !u!1001 &5181366434228118928
PrefabInstance:
  m_ObjectHideFlags: 0
  serializedVersion: 2
  m_Modification:
    m_TransformParent: {fileID: 1629415160703811399}
    m_Modifications:
    - target: {fileID: 3543421499494661069, guid: 7e33b29b50794b84a89f347504a9b0fb,
        type: 3}
      propertyPath: m_Mesh
      value: 
      objectReference: {fileID: 0}
    - target: {fileID: 5797753535670321582, guid: 7e33b29b50794b84a89f347504a9b0fb,
        type: 3}
      propertyPath: m_Name
      value: dirt_overlay (3)
      objectReference: {fileID: 0}
    - target: {fileID: 6264962095848228350, guid: 7e33b29b50794b84a89f347504a9b0fb,
        type: 3}
      propertyPath: m_LocalPosition.x
      value: -2.51
      objectReference: {fileID: 0}
    - target: {fileID: 6264962095848228350, guid: 7e33b29b50794b84a89f347504a9b0fb,
        type: 3}
      propertyPath: m_LocalPosition.y
      value: -2.86
      objectReference: {fileID: 0}
    - target: {fileID: 6264962095848228350, guid: 7e33b29b50794b84a89f347504a9b0fb,
        type: 3}
      propertyPath: m_LocalPosition.z
      value: 3.8479996
      objectReference: {fileID: 0}
    - target: {fileID: 6264962095848228350, guid: 7e33b29b50794b84a89f347504a9b0fb,
        type: 3}
      propertyPath: m_LocalRotation.x
      value: -0.70710677
      objectReference: {fileID: 0}
    - target: {fileID: 6264962095848228350, guid: 7e33b29b50794b84a89f347504a9b0fb,
        type: 3}
      propertyPath: m_LocalRotation.y
      value: 0.00000018626451
      objectReference: {fileID: 0}
    - target: {fileID: 6264962095848228350, guid: 7e33b29b50794b84a89f347504a9b0fb,
        type: 3}
      propertyPath: m_LocalRotation.z
      value: 0.00000007363732
      objectReference: {fileID: 0}
    - target: {fileID: 6264962095848228350, guid: 7e33b29b50794b84a89f347504a9b0fb,
        type: 3}
      propertyPath: m_LocalRotation.w
      value: 0.7071068
      objectReference: {fileID: 0}
    - target: {fileID: 6264962095848228350, guid: 7e33b29b50794b84a89f347504a9b0fb,
        type: 3}
      propertyPath: m_RootOrder
      value: 7
      objectReference: {fileID: 0}
    - target: {fileID: 6264962095848228350, guid: 7e33b29b50794b84a89f347504a9b0fb,
        type: 3}
      propertyPath: m_LocalEulerAnglesHint.x
      value: -90
      objectReference: {fileID: 0}
    - target: {fileID: 6264962095848228350, guid: 7e33b29b50794b84a89f347504a9b0fb,
        type: 3}
      propertyPath: m_LocalEulerAnglesHint.y
      value: 0
      objectReference: {fileID: 0}
    - target: {fileID: 6264962095848228350, guid: 7e33b29b50794b84a89f347504a9b0fb,
        type: 3}
      propertyPath: m_LocalEulerAnglesHint.z
      value: 0
      objectReference: {fileID: 0}
    - target: {fileID: 6264962095848228350, guid: 7e33b29b50794b84a89f347504a9b0fb,
        type: 3}
      propertyPath: m_LocalScale.x
      value: 0.84467804
      objectReference: {fileID: 0}
    - target: {fileID: 6264962095848228350, guid: 7e33b29b50794b84a89f347504a9b0fb,
        type: 3}
      propertyPath: m_LocalScale.y
      value: 0.84467804
      objectReference: {fileID: 0}
    - target: {fileID: 6264962095848228350, guid: 7e33b29b50794b84a89f347504a9b0fb,
        type: 3}
      propertyPath: m_LocalScale.z
      value: 0.84467804
      objectReference: {fileID: 0}
    - target: {fileID: 6435000119060639784, guid: 7e33b29b50794b84a89f347504a9b0fb,
        type: 3}
      propertyPath: m_Mesh
      value: 
      objectReference: {fileID: 0}
    - target: {fileID: 8237994845959693084, guid: 7e33b29b50794b84a89f347504a9b0fb,
        type: 3}
      propertyPath: m_Mesh
      value: 
      objectReference: {fileID: 0}
    m_RemovedComponents: []
  m_SourcePrefab: {fileID: 100100000, guid: 7e33b29b50794b84a89f347504a9b0fb, type: 3}
--- !u!4 &1231299662126686318 stripped
Transform:
  m_CorrespondingSourceObject: {fileID: 6264962095848228350, guid: 7e33b29b50794b84a89f347504a9b0fb,
    type: 3}
  m_PrefabInstance: {fileID: 5181366434228118928}
  m_PrefabAsset: {fileID: 0}
--- !u!1001 &6379353420416885634
PrefabInstance:
  m_ObjectHideFlags: 0
  serializedVersion: 2
  m_Modification:
    m_TransformParent: {fileID: 1629415160703811399}
    m_Modifications:
    - target: {fileID: 3827401120674770307, guid: 04ce9c606333b674381deb48f233a277,
        type: 3}
      propertyPath: m_LocalPosition.x
      value: 0
      objectReference: {fileID: 0}
    - target: {fileID: 3827401120674770307, guid: 04ce9c606333b674381deb48f233a277,
        type: 3}
      propertyPath: m_LocalPosition.y
      value: 0
      objectReference: {fileID: 0}
    - target: {fileID: 3827401120674770307, guid: 04ce9c606333b674381deb48f233a277,
        type: 3}
      propertyPath: m_LocalPosition.z
      value: -12
      objectReference: {fileID: 0}
    - target: {fileID: 3827401120674770307, guid: 04ce9c606333b674381deb48f233a277,
        type: 3}
      propertyPath: m_LocalRotation.x
      value: -0
      objectReference: {fileID: 0}
    - target: {fileID: 3827401120674770307, guid: 04ce9c606333b674381deb48f233a277,
        type: 3}
      propertyPath: m_LocalRotation.y
      value: 1
      objectReference: {fileID: 0}
    - target: {fileID: 3827401120674770307, guid: 04ce9c606333b674381deb48f233a277,
        type: 3}
      propertyPath: m_LocalRotation.z
      value: -0
      objectReference: {fileID: 0}
    - target: {fileID: 3827401120674770307, guid: 04ce9c606333b674381deb48f233a277,
        type: 3}
      propertyPath: m_LocalRotation.w
      value: 0.00000020861623
      objectReference: {fileID: 0}
    - target: {fileID: 3827401120674770307, guid: 04ce9c606333b674381deb48f233a277,
        type: 3}
      propertyPath: m_RootOrder
      value: 2
      objectReference: {fileID: 0}
    - target: {fileID: 3827401120674770307, guid: 04ce9c606333b674381deb48f233a277,
        type: 3}
      propertyPath: m_LocalEulerAnglesHint.x
      value: 0
      objectReference: {fileID: 0}
    - target: {fileID: 3827401120674770307, guid: 04ce9c606333b674381deb48f233a277,
        type: 3}
      propertyPath: m_LocalEulerAnglesHint.y
      value: 180
      objectReference: {fileID: 0}
    - target: {fileID: 3827401120674770307, guid: 04ce9c606333b674381deb48f233a277,
        type: 3}
      propertyPath: m_LocalEulerAnglesHint.z
      value: 0
      objectReference: {fileID: 0}
    - target: {fileID: 8935671478945291720, guid: 04ce9c606333b674381deb48f233a277,
        type: 3}
      propertyPath: m_Name
      value: Pathway (1)
      objectReference: {fileID: 0}
    m_RemovedComponents: []
  m_SourcePrefab: {fileID: 100100000, guid: 04ce9c606333b674381deb48f233a277, type: 3}
--- !u!4 &7896407911295831553 stripped
Transform:
  m_CorrespondingSourceObject: {fileID: 3827401120674770307, guid: 04ce9c606333b674381deb48f233a277,
    type: 3}
  m_PrefabInstance: {fileID: 6379353420416885634}
  m_PrefabAsset: {fileID: 0}
--- !u!114 &9042956429222281481 stripped
MonoBehaviour:
  m_CorrespondingSourceObject: {fileID: 2735669416405377675, guid: 04ce9c606333b674381deb48f233a277,
    type: 3}
  m_PrefabInstance: {fileID: 6379353420416885634}
  m_PrefabAsset: {fileID: 0}
  m_GameObject: {fileID: 0}
  m_Enabled: 1
  m_EditorHideFlags: 0
  m_Script: {fileID: 11500000, guid: dd60658e6871a844788f7768b8dd9a51, type: 3}
  m_Name: 
  m_EditorClassIdentifier: 
--- !u!1001 &7098170317670337366
PrefabInstance:
  m_ObjectHideFlags: 0
  serializedVersion: 2
  m_Modification:
    m_TransformParent: {fileID: 1629415160703811399}
    m_Modifications:
    - target: {fileID: 3543421499494661069, guid: 7e33b29b50794b84a89f347504a9b0fb,
        type: 3}
      propertyPath: m_Mesh
      value: 
      objectReference: {fileID: 0}
    - target: {fileID: 5797753535670321582, guid: 7e33b29b50794b84a89f347504a9b0fb,
        type: 3}
      propertyPath: m_Name
      value: dirt_overlay
      objectReference: {fileID: 0}
    - target: {fileID: 6264962095848228350, guid: 7e33b29b50794b84a89f347504a9b0fb,
        type: 3}
      propertyPath: m_LocalPosition.x
      value: 2.56
      objectReference: {fileID: 0}
    - target: {fileID: 6264962095848228350, guid: 7e33b29b50794b84a89f347504a9b0fb,
        type: 3}
      propertyPath: m_LocalPosition.y
      value: -2.86
      objectReference: {fileID: 0}
    - target: {fileID: 6264962095848228350, guid: 7e33b29b50794b84a89f347504a9b0fb,
        type: 3}
      propertyPath: m_LocalPosition.z
      value: -3.7879996
      objectReference: {fileID: 0}
    - target: {fileID: 6264962095848228350, guid: 7e33b29b50794b84a89f347504a9b0fb,
        type: 3}
      propertyPath: m_LocalRotation.x
      value: 0.00000031023168
      objectReference: {fileID: 0}
    - target: {fileID: 6264962095848228350, guid: 7e33b29b50794b84a89f347504a9b0fb,
        type: 3}
      propertyPath: m_LocalRotation.y
      value: 0.70710677
      objectReference: {fileID: 0}
    - target: {fileID: 6264962095848228350, guid: 7e33b29b50794b84a89f347504a9b0fb,
        type: 3}
      propertyPath: m_LocalRotation.z
      value: 0.7071068
      objectReference: {fileID: 0}
    - target: {fileID: 6264962095848228350, guid: 7e33b29b50794b84a89f347504a9b0fb,
        type: 3}
      propertyPath: m_LocalRotation.w
      value: -0.00000018626451
      objectReference: {fileID: 0}
    - target: {fileID: 6264962095848228350, guid: 7e33b29b50794b84a89f347504a9b0fb,
        type: 3}
      propertyPath: m_RootOrder
      value: 4
      objectReference: {fileID: 0}
    - target: {fileID: 6264962095848228350, guid: 7e33b29b50794b84a89f347504a9b0fb,
        type: 3}
      propertyPath: m_LocalEulerAnglesHint.x
      value: -90
      objectReference: {fileID: 0}
    - target: {fileID: 6264962095848228350, guid: 7e33b29b50794b84a89f347504a9b0fb,
        type: 3}
      propertyPath: m_LocalEulerAnglesHint.y
      value: 0
      objectReference: {fileID: 0}
    - target: {fileID: 6264962095848228350, guid: 7e33b29b50794b84a89f347504a9b0fb,
        type: 3}
      propertyPath: m_LocalEulerAnglesHint.z
      value: 180
      objectReference: {fileID: 0}
    - target: {fileID: 6264962095848228350, guid: 7e33b29b50794b84a89f347504a9b0fb,
        type: 3}
      propertyPath: m_LocalScale.x
      value: 0.84467804
      objectReference: {fileID: 0}
    - target: {fileID: 6264962095848228350, guid: 7e33b29b50794b84a89f347504a9b0fb,
        type: 3}
      propertyPath: m_LocalScale.y
      value: 0.84467804
      objectReference: {fileID: 0}
    - target: {fileID: 6264962095848228350, guid: 7e33b29b50794b84a89f347504a9b0fb,
        type: 3}
      propertyPath: m_LocalScale.z
      value: 0.84467804
      objectReference: {fileID: 0}
    - target: {fileID: 6435000119060639784, guid: 7e33b29b50794b84a89f347504a9b0fb,
        type: 3}
      propertyPath: m_Mesh
      value: 
      objectReference: {fileID: 0}
    - target: {fileID: 8237994845959693084, guid: 7e33b29b50794b84a89f347504a9b0fb,
        type: 3}
      propertyPath: m_Mesh
      value: 
      objectReference: {fileID: 0}
    m_RemovedComponents: []
  m_SourcePrefab: {fileID: 100100000, guid: 7e33b29b50794b84a89f347504a9b0fb, type: 3}
--- !u!4 &3778618626490519208 stripped
Transform:
  m_CorrespondingSourceObject: {fileID: 6264962095848228350, guid: 7e33b29b50794b84a89f347504a9b0fb,
    type: 3}
  m_PrefabInstance: {fileID: 7098170317670337366}
  m_PrefabAsset: {fileID: 0}
--- !u!1001 &7362690942743318727
PrefabInstance:
  m_ObjectHideFlags: 0
  serializedVersion: 2
  m_Modification:
    m_TransformParent: {fileID: 1629415160703811399}
    m_Modifications:
    - target: {fileID: 3827401120674770307, guid: 04ce9c606333b674381deb48f233a277,
        type: 3}
      propertyPath: m_LocalPosition.x
      value: 0
      objectReference: {fileID: 0}
    - target: {fileID: 3827401120674770307, guid: 04ce9c606333b674381deb48f233a277,
        type: 3}
      propertyPath: m_LocalPosition.y
      value: 0
      objectReference: {fileID: 0}
    - target: {fileID: 3827401120674770307, guid: 04ce9c606333b674381deb48f233a277,
        type: 3}
      propertyPath: m_LocalPosition.z
      value: 12
      objectReference: {fileID: 0}
    - target: {fileID: 3827401120674770307, guid: 04ce9c606333b674381deb48f233a277,
        type: 3}
      propertyPath: m_LocalRotation.x
      value: 0
      objectReference: {fileID: 0}
    - target: {fileID: 3827401120674770307, guid: 04ce9c606333b674381deb48f233a277,
        type: 3}
      propertyPath: m_LocalRotation.y
      value: 0
      objectReference: {fileID: 0}
    - target: {fileID: 3827401120674770307, guid: 04ce9c606333b674381deb48f233a277,
        type: 3}
      propertyPath: m_LocalRotation.z
      value: 0
      objectReference: {fileID: 0}
    - target: {fileID: 3827401120674770307, guid: 04ce9c606333b674381deb48f233a277,
        type: 3}
      propertyPath: m_LocalRotation.w
      value: 1
      objectReference: {fileID: 0}
    - target: {fileID: 3827401120674770307, guid: 04ce9c606333b674381deb48f233a277,
        type: 3}
      propertyPath: m_RootOrder
      value: 1
      objectReference: {fileID: 0}
    - target: {fileID: 3827401120674770307, guid: 04ce9c606333b674381deb48f233a277,
        type: 3}
      propertyPath: m_LocalEulerAnglesHint.x
      value: 0
      objectReference: {fileID: 0}
    - target: {fileID: 3827401120674770307, guid: 04ce9c606333b674381deb48f233a277,
        type: 3}
      propertyPath: m_LocalEulerAnglesHint.y
      value: 0
      objectReference: {fileID: 0}
    - target: {fileID: 3827401120674770307, guid: 04ce9c606333b674381deb48f233a277,
        type: 3}
      propertyPath: m_LocalEulerAnglesHint.z
      value: 0
      objectReference: {fileID: 0}
    - target: {fileID: 8935671478945291720, guid: 04ce9c606333b674381deb48f233a277,
        type: 3}
      propertyPath: m_Name
      value: Pathway
      objectReference: {fileID: 0}
    m_RemovedComponents: []
  m_SourcePrefab: {fileID: 100100000, guid: 04ce9c606333b674381deb48f233a277, type: 3}
--- !u!114 &4889366237761352268 stripped
MonoBehaviour:
  m_CorrespondingSourceObject: {fileID: 2735669416405377675, guid: 04ce9c606333b674381deb48f233a277,
    type: 3}
  m_PrefabInstance: {fileID: 7362690942743318727}
  m_PrefabAsset: {fileID: 0}
  m_GameObject: {fileID: 0}
  m_Enabled: 1
  m_EditorHideFlags: 0
  m_Script: {fileID: 11500000, guid: dd60658e6871a844788f7768b8dd9a51, type: 3}
  m_Name: 
  m_EditorClassIdentifier: 
--- !u!4 &5994327857339563332 stripped
Transform:
  m_CorrespondingSourceObject: {fileID: 3827401120674770307, guid: 04ce9c606333b674381deb48f233a277,
    type: 3}
  m_PrefabInstance: {fileID: 7362690942743318727}
  m_PrefabAsset: {fileID: 0}
--- !u!1001 &7661835367286945444
PrefabInstance:
  m_ObjectHideFlags: 0
  serializedVersion: 2
  m_Modification:
    m_TransformParent: {fileID: 1629415160703811399}
    m_Modifications:
    - target: {fileID: 7288370885715300234, guid: fa68b65c6622e894982a088d91f4dc7b,
        type: 3}
      propertyPath: m_Name
      value: dungeon_chains
      objectReference: {fileID: 0}
    - target: {fileID: 7362447568217743651, guid: fa68b65c6622e894982a088d91f4dc7b,
        type: 3}
      propertyPath: m_LocalPosition.x
      value: 2
      objectReference: {fileID: 0}
    - target: {fileID: 7362447568217743651, guid: fa68b65c6622e894982a088d91f4dc7b,
        type: 3}
      propertyPath: m_LocalPosition.y
      value: 3.53
      objectReference: {fileID: 0}
    - target: {fileID: 7362447568217743651, guid: fa68b65c6622e894982a088d91f4dc7b,
        type: 3}
      propertyPath: m_LocalPosition.z
      value: 0
      objectReference: {fileID: 0}
    - target: {fileID: 7362447568217743651, guid: fa68b65c6622e894982a088d91f4dc7b,
        type: 3}
      propertyPath: m_LocalRotation.x
      value: -0
      objectReference: {fileID: 0}
    - target: {fileID: 7362447568217743651, guid: fa68b65c6622e894982a088d91f4dc7b,
        type: 3}
      propertyPath: m_LocalRotation.y
      value: -0.70710677
      objectReference: {fileID: 0}
    - target: {fileID: 7362447568217743651, guid: fa68b65c6622e894982a088d91f4dc7b,
        type: 3}
      propertyPath: m_LocalRotation.z
      value: -0
      objectReference: {fileID: 0}
    - target: {fileID: 7362447568217743651, guid: fa68b65c6622e894982a088d91f4dc7b,
        type: 3}
      propertyPath: m_LocalRotation.w
      value: 0.7071068
      objectReference: {fileID: 0}
    - target: {fileID: 7362447568217743651, guid: fa68b65c6622e894982a088d91f4dc7b,
        type: 3}
      propertyPath: m_RootOrder
      value: 11
      objectReference: {fileID: 0}
    - target: {fileID: 7362447568217743651, guid: fa68b65c6622e894982a088d91f4dc7b,
        type: 3}
      propertyPath: m_LocalEulerAnglesHint.x
      value: 0
      objectReference: {fileID: 0}
    - target: {fileID: 7362447568217743651, guid: fa68b65c6622e894982a088d91f4dc7b,
        type: 3}
      propertyPath: m_LocalEulerAnglesHint.y
      value: -90
      objectReference: {fileID: 0}
    - target: {fileID: 7362447568217743651, guid: fa68b65c6622e894982a088d91f4dc7b,
        type: 3}
      propertyPath: m_LocalEulerAnglesHint.z
      value: 0
      objectReference: {fileID: 0}
    m_RemovedComponents: []
  m_SourcePrefab: {fileID: 100100000, guid: fa68b65c6622e894982a088d91f4dc7b, type: 3}
--- !u!4 &898720609870485383 stripped
Transform:
  m_CorrespondingSourceObject: {fileID: 7362447568217743651, guid: fa68b65c6622e894982a088d91f4dc7b,
    type: 3}
  m_PrefabInstance: {fileID: 7661835367286945444}
  m_PrefabAsset: {fileID: 0}
