%YAML 1.1
%TAG !u! tag:unity3d.com,2011:
--- !u!64 &3522221116355057427
MeshCollider:
  m_ObjectHideFlags: 0
  m_CorrespondingSourceObject: {fileID: 0}
  m_PrefabInstance: {fileID: 0}
  m_PrefabAsset: {fileID: 0}
  m_GameObject: {fileID: 8800414839554686516}
  m_Material: {fileID: 0}
  m_IsTrigger: 0
  m_Enabled: 1
  serializedVersion: 4
  m_Convex: 0
  m_CookingOptions: 30
  m_Mesh: {fileID: -6193457430037756699, guid: 6e33f5236acf17a4ea9241ab481e45e7, type: 3}
--- !u!64 &4277788121661433092
MeshCollider:
  m_ObjectHideFlags: 0
  m_CorrespondingSourceObject: {fileID: 0}
  m_PrefabInstance: {fileID: 0}
  m_PrefabAsset: {fileID: 0}
  m_GameObject: {fileID: 7982545405400133939}
  m_Material: {fileID: 0}
  m_IsTrigger: 0
  m_Enabled: 1
  serializedVersion: 4
  m_Convex: 0
  m_CookingOptions: 30
  m_Mesh: {fileID: 3358203686844059989, guid: 6e33f5236acf17a4ea9241ab481e45e7, type: 3}
--- !u!64 &8345855707220275050
MeshCollider:
  m_ObjectHideFlags: 0
  m_CorrespondingSourceObject: {fileID: 0}
  m_PrefabInstance: {fileID: 0}
  m_PrefabAsset: {fileID: 0}
  m_GameObject: {fileID: 5796485332233409728}
  m_Material: {fileID: 0}
  m_IsTrigger: 0
  m_Enabled: 1
  serializedVersion: 4
  m_Convex: 0
  m_CookingOptions: 30
  m_Mesh: {fileID: -2862860732598465053, guid: 6e33f5236acf17a4ea9241ab481e45e7, type: 3}
--- !u!64 &6620750913863779834
MeshCollider:
  m_ObjectHideFlags: 0
  m_CorrespondingSourceObject: {fileID: 0}
  m_PrefabInstance: {fileID: 0}
  m_PrefabAsset: {fileID: 0}
  m_GameObject: {fileID: 1461111083654068403}
  m_Material: {fileID: 0}
  m_IsTrigger: 0
  m_Enabled: 1
  serializedVersion: 4
  m_Convex: 0
  m_CookingOptions: 30
  m_Mesh: {fileID: -2593688614384158756, guid: 6e33f5236acf17a4ea9241ab481e45e7, type: 3}
--- !u!1 &1797880563815665013
GameObject:
  m_ObjectHideFlags: 0
  m_CorrespondingSourceObject: {fileID: 0}
  m_PrefabInstance: {fileID: 0}
  m_PrefabAsset: {fileID: 0}
  serializedVersion: 6
  m_Component:
  - component: {fileID: 1767977973433990620}
  m_Layer: 0
  m_Name: tile_facility_deco_stairs
  m_TagString: Untagged
  m_Icon: {fileID: 0}
  m_NavMeshLayer: 0
  m_StaticEditorFlags: 0
  m_IsActive: 1
--- !u!4 &1767977973433990620
Transform:
  m_ObjectHideFlags: 0
  m_CorrespondingSourceObject: {fileID: 0}
  m_PrefabInstance: {fileID: 0}
  m_PrefabAsset: {fileID: 0}
  m_GameObject: {fileID: 1797880563815665013}
  m_LocalRotation: {x: 0, y: 0, z: 0, w: 1}
  m_LocalPosition: {x: 0, y: 0, z: 0}
  m_LocalScale: {x: 1, y: 1, z: 1}
  m_Children:
  - {fileID: 1466450317131799001}
  m_Father: {fileID: 0}
  m_RootOrder: 0
  m_LocalEulerAnglesHint: {x: 0, y: 0, z: 0}
--- !u!64 &547418499591443418
MeshCollider:
  m_ObjectHideFlags: 0
  m_CorrespondingSourceObject: {fileID: 0}
  m_PrefabInstance: {fileID: 0}
  m_PrefabAsset: {fileID: 0}
  m_GameObject: {fileID: 6439016010399643092}
  m_Material: {fileID: 0}
  m_IsTrigger: 0
  m_Enabled: 1
  serializedVersion: 4
  m_Convex: 0
  m_CookingOptions: 30
  m_Mesh: {fileID: -615602975886788703, guid: 6e33f5236acf17a4ea9241ab481e45e7, type: 3}
--- !u!1001 &1428584146231049778
PrefabInstance:
  m_ObjectHideFlags: 0
  serializedVersion: 2
  m_Modification:
    m_TransformParent: {fileID: 1767977973433990620}
    m_Modifications:
    - target: {fileID: -8679921383154817045, guid: 6e33f5236acf17a4ea9241ab481e45e7,
        type: 3}
      propertyPath: m_LocalPosition.x
      value: 0
      objectReference: {fileID: 0}
    - target: {fileID: -8679921383154817045, guid: 6e33f5236acf17a4ea9241ab481e45e7,
        type: 3}
      propertyPath: m_LocalPosition.y
      value: 0
      objectReference: {fileID: 0}
    - target: {fileID: -8679921383154817045, guid: 6e33f5236acf17a4ea9241ab481e45e7,
        type: 3}
      propertyPath: m_LocalPosition.z
      value: 0
      objectReference: {fileID: 0}
    - target: {fileID: -8679921383154817045, guid: 6e33f5236acf17a4ea9241ab481e45e7,
        type: 3}
      propertyPath: m_LocalRotation.x
      value: -0
      objectReference: {fileID: 0}
    - target: {fileID: -8679921383154817045, guid: 6e33f5236acf17a4ea9241ab481e45e7,
        type: 3}
      propertyPath: m_LocalRotation.y
      value: -0
      objectReference: {fileID: 0}
    - target: {fileID: -8679921383154817045, guid: 6e33f5236acf17a4ea9241ab481e45e7,
        type: 3}
      propertyPath: m_LocalRotation.z
      value: -0
      objectReference: {fileID: 0}
    - target: {fileID: -8679921383154817045, guid: 6e33f5236acf17a4ea9241ab481e45e7,
        type: 3}
      propertyPath: m_LocalRotation.w
      value: 1
      objectReference: {fileID: 0}
    - target: {fileID: -8679921383154817045, guid: 6e33f5236acf17a4ea9241ab481e45e7,
        type: 3}
      propertyPath: m_RootOrder
      value: 0
      objectReference: {fileID: 0}
    - target: {fileID: -8679921383154817045, guid: 6e33f5236acf17a4ea9241ab481e45e7,
        type: 3}
      propertyPath: m_LocalEulerAnglesHint.x
      value: 0
      objectReference: {fileID: 0}
    - target: {fileID: -8679921383154817045, guid: 6e33f5236acf17a4ea9241ab481e45e7,
        type: 3}
      propertyPath: m_LocalEulerAnglesHint.y
      value: 0
      objectReference: {fileID: 0}
    - target: {fileID: -8679921383154817045, guid: 6e33f5236acf17a4ea9241ab481e45e7,
        type: 3}
      propertyPath: m_LocalEulerAnglesHint.z
      value: 0
      objectReference: {fileID: 0}
    - target: {fileID: -8676833959695546751, guid: 6e33f5236acf17a4ea9241ab481e45e7,
        type: 3}
      propertyPath: m_StaticEditorFlags
      value: 4294967295
      objectReference: {fileID: 0}
    - target: {fileID: -8280189375034113723, guid: 6e33f5236acf17a4ea9241ab481e45e7,
        type: 3}
      propertyPath: m_Materials.Array.data[0]
      value: 
      objectReference: {fileID: 2100000, guid: 948a2da0145a1194ca3577d50916984d, type: 2}
    - target: {fileID: -8013444565702190222, guid: 6e33f5236acf17a4ea9241ab481e45e7,
        type: 3}
      propertyPath: m_StaticEditorFlags
      value: 4294967295
      objectReference: {fileID: 0}
    - target: {fileID: -7308891258654749578, guid: 6e33f5236acf17a4ea9241ab481e45e7,
        type: 3}
      propertyPath: m_Materials.Array.data[0]
      value: 
      objectReference: {fileID: 2100000, guid: 4a5cb561b8858b5449d06af7e590804c, type: 2}
    - target: {fileID: -5828116251215456355, guid: 6e33f5236acf17a4ea9241ab481e45e7,
        type: 3}
      propertyPath: m_Materials.Array.data[0]
      value: 
      objectReference: {fileID: 2100000, guid: c7c22fb80f2798046be4518d453a6629, type: 2}
    - target: {fileID: -4102251429051514632, guid: 6e33f5236acf17a4ea9241ab481e45e7,
        type: 3}
      propertyPath: m_StaticEditorFlags
      value: 4294967295
      objectReference: {fileID: 0}
    - target: {fileID: -3852649966795797530, guid: 6e33f5236acf17a4ea9241ab481e45e7,
        type: 3}
      propertyPath: m_StaticEditorFlags
      value: 4294967295
      objectReference: {fileID: 0}
    - target: {fileID: -3710571616833908227, guid: 6e33f5236acf17a4ea9241ab481e45e7,
        type: 3}
      propertyPath: m_Materials.Array.data[0]
      value: 
      objectReference: {fileID: 2100000, guid: 80d77430ee374894b8b0e3d6b233bc93, type: 2}
    - target: {fileID: -3255269453748340040, guid: 6e33f5236acf17a4ea9241ab481e45e7,
        type: 3}
      propertyPath: m_Materials.Array.data[0]
      value: 
      objectReference: {fileID: 2100000, guid: f138efa175f98b045af4c8dddcd33a3a, type: 2}
    - target: {fileID: -2641885974903927441, guid: 6e33f5236acf17a4ea9241ab481e45e7,
        type: 3}
      propertyPath: m_StaticEditorFlags
      value: 4294967295
      objectReference: {fileID: 0}
    - target: {fileID: -1287414233725411662, guid: 6e33f5236acf17a4ea9241ab481e45e7,
        type: 3}
      propertyPath: m_StaticEditorFlags
      value: 4294967295
      objectReference: {fileID: 0}
    - target: {fileID: 145191896548382106, guid: 6e33f5236acf17a4ea9241ab481e45e7,
        type: 3}
      propertyPath: m_Materials.Array.data[0]
      value: 
      objectReference: {fileID: 2100000, guid: 4a5cb561b8858b5449d06af7e590804c, type: 2}
    - target: {fileID: 919132149155446097, guid: 6e33f5236acf17a4ea9241ab481e45e7,
        type: 3}
      propertyPath: m_Name
      value: tile_deco_stairs
      objectReference: {fileID: 0}
    - target: {fileID: 919132149155446097, guid: 6e33f5236acf17a4ea9241ab481e45e7,
        type: 3}
      propertyPath: m_StaticEditorFlags
      value: 4294967295
      objectReference: {fileID: 0}
    - target: {fileID: 1611437419685851598, guid: 6e33f5236acf17a4ea9241ab481e45e7,
        type: 3}
      propertyPath: m_Enabled
      value: 0
      objectReference: {fileID: 0}
    - target: {fileID: 2226668478695132686, guid: 6e33f5236acf17a4ea9241ab481e45e7,
        type: 3}
      propertyPath: m_Materials.Array.data[0]
      value: 
      objectReference: {fileID: 2100000, guid: 35b0ecd95a3da6d4ba7466585a13f969, type: 2}
    - target: {fileID: 3731593548979605047, guid: 6e33f5236acf17a4ea9241ab481e45e7,
        type: 3}
      propertyPath: m_Materials.Array.data[0]
      value: 
      objectReference: {fileID: 2100000, guid: 948a2da0145a1194ca3577d50916984d, type: 2}
    - target: {fileID: 5276418222169905127, guid: 6e33f5236acf17a4ea9241ab481e45e7,
        type: 3}
      propertyPath: m_StaticEditorFlags
      value: 4294967295
      objectReference: {fileID: 0}
    - target: {fileID: 7340532598753737497, guid: 6e33f5236acf17a4ea9241ab481e45e7,
        type: 3}
      propertyPath: m_Materials.Array.data[0]
      value: 
      objectReference: {fileID: 2100000, guid: c7c22fb80f2798046be4518d453a6629, type: 2}
    m_RemovedComponents: []
  m_SourcePrefab: {fileID: 100100000, guid: 6e33f5236acf17a4ea9241ab481e45e7, type: 3}
--- !u!4 &1466450317131799001 stripped
Transform:
  m_CorrespondingSourceObject: {fileID: -8679921383154817045, guid: 6e33f5236acf17a4ea9241ab481e45e7,
    type: 3}
  m_PrefabInstance: {fileID: 1428584146231049778}
  m_PrefabAsset: {fileID: 0}
--- !u!1 &6439016010399643092 stripped
GameObject:
  m_CorrespondingSourceObject: {fileID: -3852649966795797530, guid: 6e33f5236acf17a4ea9241ab481e45e7,
    type: 3}
  m_PrefabInstance: {fileID: 1428584146231049778}
  m_PrefabAsset: {fileID: 0}
--- !u!1 &1461111083654068403 stripped
GameObject:
  m_CorrespondingSourceObject: {fileID: -8676833959695546751, guid: 6e33f5236acf17a4ea9241ab481e45e7,
    type: 3}
  m_PrefabInstance: {fileID: 1428584146231049778}
  m_PrefabAsset: {fileID: 0}
--- !u!1 &8800414839554686516 stripped
GameObject:
  m_CorrespondingSourceObject: {fileID: 7634167744730005510, guid: 6e33f5236acf17a4ea9241ab481e45e7,
    type: 3}
  m_PrefabInstance: {fileID: 1428584146231049778}
  m_PrefabAsset: {fileID: 0}
--- !u!1 &7982545405400133939 stripped
GameObject:
  m_CorrespondingSourceObject: {fileID: -210284386319986943, guid: 6e33f5236acf17a4ea9241ab481e45e7,
    type: 3}
  m_PrefabInstance: {fileID: 1428584146231049778}
  m_PrefabAsset: {fileID: 0}
--- !u!1 &5796485332233409728 stripped
GameObject:
  m_CorrespondingSourceObject: {fileID: -4349886782660941070, guid: 6e33f5236acf17a4ea9241ab481e45e7,
    type: 3}
  m_PrefabInstance: {fileID: 1428584146231049778}
  m_PrefabAsset: {fileID: 0}
