%YAML 1.1
%TAG !u! tag:unity3d.com,2011:
--- !u!64 &9135444411809405504
MeshCollider:
  m_ObjectHideFlags: 0
  m_CorrespondingSourceObject: {fileID: 0}
  m_PrefabInstance: {fileID: 0}
  m_PrefabAsset: {fileID: 0}
  m_GameObject: {fileID: 1165633567183654588}
  m_Material: {fileID: 0}
  m_IsTrigger: 0
  m_Enabled: 1
  serializedVersion: 4
  m_Convex: 0
  m_CookingOptions: 30
  m_Mesh: {fileID: 5412096915542016997, guid: 95837687ec6d668428393452b5b25c20, type: 3}
--- !u!64 &2533657043666968909
MeshCollider:
  m_ObjectHideFlags: 0
  m_CorrespondingSourceObject: {fileID: 0}
  m_PrefabInstance: {fileID: 0}
  m_PrefabAsset: {fileID: 0}
  m_GameObject: {fileID: 1569496168145873904}
  m_Material: {fileID: 0}
  m_IsTrigger: 0
  m_Enabled: 1
  serializedVersion: 4
  m_Convex: 0
  m_CookingOptions: 30
  m_Mesh: {fileID: 476696169091886371, guid: 95837687ec6d668428393452b5b25c20, type: 3}
--- !u!64 &2891982702015522128
MeshCollider:
  m_ObjectHideFlags: 0
  m_CorrespondingSourceObject: {fileID: 0}
  m_PrefabInstance: {fileID: 0}
  m_PrefabAsset: {fileID: 0}
  m_GameObject: {fileID: 4537830564696579747}
  m_Material: {fileID: 0}
  m_IsTrigger: 0
  m_Enabled: 1
  serializedVersion: 4
  m_Convex: 0
  m_CookingOptions: 30
  m_Mesh: {fileID: -2678133899868369886, guid: 95837687ec6d668428393452b5b25c20, type: 3}
--- !u!64 &8487723432221148989
MeshCollider:
  m_ObjectHideFlags: 0
  m_CorrespondingSourceObject: {fileID: 0}
  m_PrefabInstance: {fileID: 0}
  m_PrefabAsset: {fileID: 0}
  m_GameObject: {fileID: 6016437096397451321}
  m_Material: {fileID: 0}
  m_IsTrigger: 0
  m_Enabled: 1
  serializedVersion: 4
  m_Convex: 0
  m_CookingOptions: 30
  m_Mesh: {fileID: -31365840933094614, guid: 95837687ec6d668428393452b5b25c20, type: 3}
--- !u!1 &6661764960616408799
GameObject:
  m_ObjectHideFlags: 0
  m_CorrespondingSourceObject: {fileID: 0}
  m_PrefabInstance: {fileID: 0}
  m_PrefabAsset: {fileID: 0}
  serializedVersion: 6
  m_Component:
  - component: {fileID: 1092570327469423083}
  m_Layer: 0
  m_Name: tile_facility_ramp_bend_01
  m_TagString: Untagged
  m_Icon: {fileID: 0}
  m_NavMeshLayer: 0
  m_StaticEditorFlags: 0
  m_IsActive: 1
--- !u!4 &1092570327469423083
Transform:
  m_ObjectHideFlags: 0
  m_CorrespondingSourceObject: {fileID: 0}
  m_PrefabInstance: {fileID: 0}
  m_PrefabAsset: {fileID: 0}
  m_GameObject: {fileID: 6661764960616408799}
  m_LocalRotation: {x: 0, y: 0, z: 0, w: 1}
  m_LocalPosition: {x: 0, y: 0, z: 0}
  m_LocalScale: {x: 1, y: 1, z: 1}
  m_Children:
  - {fileID: 1998501267484158375}
  - {fileID: 2963017880613439703}
  - {fileID: 9149088420776311904}
  - {fileID: 5023709753796024276}
  - {fileID: 179160784247113388}
  - {fileID: 1441756271392146909}
  - {fileID: 555318571225550366}
  - {fileID: 1004427000694159521}
  - {fileID: 2682633085833434846}
  - {fileID: 6313631582825828324}
  - {fileID: 1122015739970373226}
  - {fileID: 8988215046872337684}
  - {fileID: 4412853857125737294}
  - {fileID: 1556620599611967417}
  m_Father: {fileID: 0}
  m_RootOrder: 0
  m_LocalEulerAnglesHint: {x: 0, y: 0, z: 0}
--- !u!1 &6932819353889810709
GameObject:
  m_ObjectHideFlags: 0
  m_CorrespondingSourceObject: {fileID: 0}
  m_PrefabInstance: {fileID: 0}
  m_PrefabAsset: {fileID: 0}
  serializedVersion: 6
  m_Component:
  - component: {fileID: 2963017880613439703}
  - component: {fileID: 2265159560418829031}
  m_Layer: 0
  m_Name: Point Light
  m_TagString: Untagged
  m_Icon: {fileID: 0}
  m_NavMeshLayer: 0
  m_StaticEditorFlags: 0
  m_IsActive: 1
--- !u!4 &2963017880613439703
Transform:
  m_ObjectHideFlags: 0
  m_CorrespondingSourceObject: {fileID: 0}
  m_PrefabInstance: {fileID: 0}
  m_PrefabAsset: {fileID: 0}
  m_GameObject: {fileID: 6932819353889810709}
  m_LocalRotation: {x: 0, y: 0, z: 0, w: 1}
  m_LocalPosition: {x: 0, y: 1.5, z: -4.5}
  m_LocalScale: {x: 1, y: 1, z: 1}
  m_Children: []
  m_Father: {fileID: 1092570327469423083}
  m_RootOrder: 1
  m_LocalEulerAnglesHint: {x: 0, y: 0, z: 0}
--- !u!108 &2265159560418829031
Light:
  m_ObjectHideFlags: 0
  m_CorrespondingSourceObject: {fileID: 0}
  m_PrefabInstance: {fileID: 0}
  m_PrefabAsset: {fileID: 0}
  m_GameObject: {fileID: 6932819353889810709}
  m_Enabled: 1
  serializedVersion: 10
  m_Type: 2
  m_Shape: 0
  m_Color: {r: 1, g: 1, b: 1, a: 1}
  m_Intensity: 1
  m_Range: 10
  m_SpotAngle: 30
  m_InnerSpotAngle: 21.80208
  m_CookieSize: 10
  m_Shadows:
    m_Type: 0
    m_Resolution: -1
    m_CustomResolution: -1
    m_Strength: 1
    m_Bias: 0.05
    m_NormalBias: 0.4
    m_NearPlane: 0.2
    m_CullingMatrixOverride:
      e00: 1
      e01: 0
      e02: 0
      e03: 0
      e10: 0
      e11: 1
      e12: 0
      e13: 0
      e20: 0
      e21: 0
      e22: 1
      e23: 0
      e30: 0
      e31: 0
      e32: 0
      e33: 1
    m_UseCullingMatrixOverride: 0
  m_Cookie: {fileID: 0}
  m_DrawHalo: 0
  m_Flare: {fileID: 0}
  m_RenderMode: 0
  m_CullingMask:
    serializedVersion: 2
    m_Bits: 4294967295
  m_RenderingLayerMask: 1
  m_Lightmapping: 4
  m_LightShadowCasterMode: 0
  m_AreaSize: {x: 1, y: 1}
  m_BounceIntensity: 0
  m_ColorTemperature: 6570
  m_UseColorTemperature: 0
  m_BoundingSphereOverride: {x: 0, y: 0, z: 0, w: 0}
  m_UseBoundingSphereOverride: 0
  m_ShadowRadius: 0
  m_ShadowAngle: 0
--- !u!64 &6733019973709085222
MeshCollider:
  m_ObjectHideFlags: 0
  m_CorrespondingSourceObject: {fileID: 0}
  m_PrefabInstance: {fileID: 0}
  m_PrefabAsset: {fileID: 0}
  m_GameObject: {fileID: 6962115818237083192}
  m_Material: {fileID: 0}
  m_IsTrigger: 0
  m_Enabled: 1
  serializedVersion: 4
  m_Convex: 0
  m_CookingOptions: 30
  m_Mesh: {fileID: -547001248174548722, guid: 95837687ec6d668428393452b5b25c20, type: 3}
--- !u!64 &3003414349538054852
MeshCollider:
  m_ObjectHideFlags: 0
  m_CorrespondingSourceObject: {fileID: 0}
  m_PrefabInstance: {fileID: 0}
  m_PrefabAsset: {fileID: 0}
  m_GameObject: {fileID: 7294613381121587617}
  m_Material: {fileID: 0}
  m_IsTrigger: 0
  m_Enabled: 1
  serializedVersion: 4
  m_Convex: 0
  m_CookingOptions: 30
  m_Mesh: {fileID: 2256158654317985303, guid: 95837687ec6d668428393452b5b25c20, type: 3}
--- !u!64 &4543016463575834538
MeshCollider:
  m_ObjectHideFlags: 0
  m_CorrespondingSourceObject: {fileID: 0}
  m_PrefabInstance: {fileID: 0}
  m_PrefabAsset: {fileID: 0}
  m_GameObject: {fileID: 7697006780247358716}
  m_Material: {fileID: 0}
  m_IsTrigger: 0
  m_Enabled: 1
  serializedVersion: 4
  m_Convex: 0
  m_CookingOptions: 30
  m_Mesh: {fileID: 6121180964492668837, guid: 95837687ec6d668428393452b5b25c20, type: 3}
--- !u!64 &5503957600613169408
MeshCollider:
  m_ObjectHideFlags: 0
  m_CorrespondingSourceObject: {fileID: 0}
  m_PrefabInstance: {fileID: 0}
  m_PrefabAsset: {fileID: 0}
  m_GameObject: {fileID: 9070033090564272575}
  m_Material: {fileID: 0}
  m_IsTrigger: 0
  m_Enabled: 1
  serializedVersion: 4
  m_Convex: 0
  m_CookingOptions: 30
  m_Mesh: {fileID: -1426563699428976368, guid: 95837687ec6d668428393452b5b25c20, type: 3}
--- !u!1001 &103331742124296730
PrefabInstance:
  m_ObjectHideFlags: 0
  serializedVersion: 2
  m_Modification:
    m_TransformParent: {fileID: 1092570327469423083}
    m_Modifications:
    - target: {fileID: 3543421499494661069, guid: 7e33b29b50794b84a89f347504a9b0fb,
        type: 3}
      propertyPath: m_Mesh
      value: 
      objectReference: {fileID: 0}
    - target: {fileID: 5797753535670321582, guid: 7e33b29b50794b84a89f347504a9b0fb,
        type: 3}
      propertyPath: m_Name
      value: dirt_overlay
      objectReference: {fileID: 0}
    - target: {fileID: 6264962095848228350, guid: 7e33b29b50794b84a89f347504a9b0fb,
        type: 3}
      propertyPath: m_LocalPosition.x
      value: -1
      objectReference: {fileID: 0}
    - target: {fileID: 6264962095848228350, guid: 7e33b29b50794b84a89f347504a9b0fb,
        type: 3}
      propertyPath: m_LocalPosition.y
      value: -3
      objectReference: {fileID: 0}
    - target: {fileID: 6264962095848228350, guid: 7e33b29b50794b84a89f347504a9b0fb,
        type: 3}
      propertyPath: m_LocalPosition.z
      value: -7.41
      objectReference: {fileID: 0}
    - target: {fileID: 6264962095848228350, guid: 7e33b29b50794b84a89f347504a9b0fb,
        type: 3}
      propertyPath: m_LocalRotation.x
      value: 0.00000031023168
      objectReference: {fileID: 0}
    - target: {fileID: 6264962095848228350, guid: 7e33b29b50794b84a89f347504a9b0fb,
        type: 3}
      propertyPath: m_LocalRotation.y
      value: 0.70710677
      objectReference: {fileID: 0}
    - target: {fileID: 6264962095848228350, guid: 7e33b29b50794b84a89f347504a9b0fb,
        type: 3}
      propertyPath: m_LocalRotation.z
      value: 0.7071068
      objectReference: {fileID: 0}
    - target: {fileID: 6264962095848228350, guid: 7e33b29b50794b84a89f347504a9b0fb,
        type: 3}
      propertyPath: m_LocalRotation.w
      value: -0.00000018626451
      objectReference: {fileID: 0}
    - target: {fileID: 6264962095848228350, guid: 7e33b29b50794b84a89f347504a9b0fb,
        type: 3}
      propertyPath: m_RootOrder
      value: 9
      objectReference: {fileID: 0}
    - target: {fileID: 6264962095848228350, guid: 7e33b29b50794b84a89f347504a9b0fb,
        type: 3}
      propertyPath: m_LocalEulerAnglesHint.x
      value: -90
      objectReference: {fileID: 0}
    - target: {fileID: 6264962095848228350, guid: 7e33b29b50794b84a89f347504a9b0fb,
        type: 3}
      propertyPath: m_LocalEulerAnglesHint.y
      value: 0
      objectReference: {fileID: 0}
    - target: {fileID: 6264962095848228350, guid: 7e33b29b50794b84a89f347504a9b0fb,
        type: 3}
      propertyPath: m_LocalEulerAnglesHint.z
      value: 180
      objectReference: {fileID: 0}
    - target: {fileID: 6435000119060639784, guid: 7e33b29b50794b84a89f347504a9b0fb,
        type: 3}
      propertyPath: m_Mesh
      value: 
      objectReference: {fileID: 0}
    - target: {fileID: 8237994845959693084, guid: 7e33b29b50794b84a89f347504a9b0fb,
        type: 3}
      propertyPath: m_Mesh
      value: 
      objectReference: {fileID: 0}
    m_RemovedComponents: []
  m_SourcePrefab: {fileID: 100100000, guid: 7e33b29b50794b84a89f347504a9b0fb, type: 3}
--- !u!4 &6313631582825828324 stripped
Transform:
  m_CorrespondingSourceObject: {fileID: 6264962095848228350, guid: 7e33b29b50794b84a89f347504a9b0fb,
    type: 3}
  m_PrefabInstance: {fileID: 103331742124296730}
  m_PrefabAsset: {fileID: 0}
--- !u!1001 &221063531049986451
PrefabInstance:
  m_ObjectHideFlags: 0
  serializedVersion: 2
  m_Modification:
    m_TransformParent: {fileID: 1092570327469423083}
    m_Modifications:
    - target: {fileID: 4480231912345307869, guid: c33297519c0d805438c529b352700753,
        type: 3}
      propertyPath: m_LocalPosition.x
      value: -4
      objectReference: {fileID: 0}
    - target: {fileID: 4480231912345307869, guid: c33297519c0d805438c529b352700753,
        type: 3}
      propertyPath: m_LocalPosition.y
      value: 0
      objectReference: {fileID: 0}
    - target: {fileID: 4480231912345307869, guid: c33297519c0d805438c529b352700753,
        type: 3}
      propertyPath: m_LocalPosition.z
      value: -1
      objectReference: {fileID: 0}
    - target: {fileID: 4480231912345307869, guid: c33297519c0d805438c529b352700753,
        type: 3}
      propertyPath: m_LocalRotation.x
      value: -0
      objectReference: {fileID: 0}
    - target: {fileID: 4480231912345307869, guid: c33297519c0d805438c529b352700753,
        type: 3}
      propertyPath: m_LocalRotation.y
      value: 0.70710576
      objectReference: {fileID: 0}
    - target: {fileID: 4480231912345307869, guid: c33297519c0d805438c529b352700753,
        type: 3}
      propertyPath: m_LocalRotation.z
      value: -0
      objectReference: {fileID: 0}
    - target: {fileID: 4480231912345307869, guid: c33297519c0d805438c529b352700753,
        type: 3}
      propertyPath: m_LocalRotation.w
      value: 0.70710784
      objectReference: {fileID: 0}
    - target: {fileID: 4480231912345307869, guid: c33297519c0d805438c529b352700753,
        type: 3}
      propertyPath: m_RootOrder
      value: 12
      objectReference: {fileID: 0}
    - target: {fileID: 4480231912345307869, guid: c33297519c0d805438c529b352700753,
        type: 3}
      propertyPath: m_LocalEulerAnglesHint.x
      value: 0
      objectReference: {fileID: 0}
    - target: {fileID: 4480231912345307869, guid: c33297519c0d805438c529b352700753,
        type: 3}
      propertyPath: m_LocalEulerAnglesHint.y
      value: 90
      objectReference: {fileID: 0}
    - target: {fileID: 4480231912345307869, guid: c33297519c0d805438c529b352700753,
        type: 3}
      propertyPath: m_LocalEulerAnglesHint.z
      value: 0
      objectReference: {fileID: 0}
    - target: {fileID: 5691523600005697621, guid: c33297519c0d805438c529b352700753,
        type: 3}
      propertyPath: m_Name
      value: tile_facility_door_frame
      objectReference: {fileID: 0}
    m_RemovedComponents: []
  m_SourcePrefab: {fileID: 100100000, guid: c33297519c0d805438c529b352700753, type: 3}
--- !u!4 &4412853857125737294 stripped
Transform:
  m_CorrespondingSourceObject: {fileID: 4480231912345307869, guid: c33297519c0d805438c529b352700753,
    type: 3}
  m_PrefabInstance: {fileID: 221063531049986451}
  m_PrefabAsset: {fileID: 0}
--- !u!1001 &2032991695694646860
PrefabInstance:
  m_ObjectHideFlags: 0
  serializedVersion: 2
  m_Modification:
    m_TransformParent: {fileID: 1092570327469423083}
    m_Modifications:
    - target: {fileID: -9088343466435332395, guid: 95837687ec6d668428393452b5b25c20,
        type: 3}
      propertyPath: m_Materials.Array.data[0]
      value: 
      objectReference: {fileID: 2100000, guid: 8685434afd5b501438e4682fde4face0, type: 2}
    - target: {fileID: -9088343466435332395, guid: 95837687ec6d668428393452b5b25c20,
        type: 3}
      propertyPath: m_CastShadows
      value: 2
      objectReference: {fileID: 0}
    - target: {fileID: -8679921383154817045, guid: 95837687ec6d668428393452b5b25c20,
        type: 3}
      propertyPath: m_LocalPosition.x
      value: 0
      objectReference: {fileID: 0}
    - target: {fileID: -8679921383154817045, guid: 95837687ec6d668428393452b5b25c20,
        type: 3}
      propertyPath: m_LocalPosition.y
      value: 0
      objectReference: {fileID: 0}
    - target: {fileID: -8679921383154817045, guid: 95837687ec6d668428393452b5b25c20,
        type: 3}
      propertyPath: m_LocalPosition.z
      value: 0
      objectReference: {fileID: 0}
    - target: {fileID: -8679921383154817045, guid: 95837687ec6d668428393452b5b25c20,
        type: 3}
      propertyPath: m_LocalRotation.x
      value: -0
      objectReference: {fileID: 0}
    - target: {fileID: -8679921383154817045, guid: 95837687ec6d668428393452b5b25c20,
        type: 3}
      propertyPath: m_LocalRotation.y
      value: -0
      objectReference: {fileID: 0}
    - target: {fileID: -8679921383154817045, guid: 95837687ec6d668428393452b5b25c20,
        type: 3}
      propertyPath: m_LocalRotation.z
      value: -0
      objectReference: {fileID: 0}
    - target: {fileID: -8679921383154817045, guid: 95837687ec6d668428393452b5b25c20,
        type: 3}
      propertyPath: m_LocalRotation.w
      value: 1
      objectReference: {fileID: 0}
    - target: {fileID: -8679921383154817045, guid: 95837687ec6d668428393452b5b25c20,
        type: 3}
      propertyPath: m_RootOrder
      value: 0
      objectReference: {fileID: 0}
    - target: {fileID: -8679921383154817045, guid: 95837687ec6d668428393452b5b25c20,
        type: 3}
      propertyPath: m_LocalEulerAnglesHint.x
      value: 0
      objectReference: {fileID: 0}
    - target: {fileID: -8679921383154817045, guid: 95837687ec6d668428393452b5b25c20,
        type: 3}
      propertyPath: m_LocalEulerAnglesHint.y
      value: 0
      objectReference: {fileID: 0}
    - target: {fileID: -8679921383154817045, guid: 95837687ec6d668428393452b5b25c20,
        type: 3}
      propertyPath: m_LocalEulerAnglesHint.z
      value: 0
      objectReference: {fileID: 0}
    - target: {fileID: -8660632394360630089, guid: 95837687ec6d668428393452b5b25c20,
        type: 3}
      propertyPath: m_Materials.Array.data[0]
      value: 
      objectReference: {fileID: 2100000, guid: f138efa175f98b045af4c8dddcd33a3a, type: 2}
    - target: {fileID: -8660632394360630089, guid: 95837687ec6d668428393452b5b25c20,
        type: 3}
      propertyPath: m_CastShadows
      value: 2
      objectReference: {fileID: 0}
    - target: {fileID: -8350928661084241680, guid: 95837687ec6d668428393452b5b25c20,
        type: 3}
      propertyPath: m_StaticEditorFlags
      value: 4294967295
      objectReference: {fileID: 0}
    - target: {fileID: -6885103945307699996, guid: 95837687ec6d668428393452b5b25c20,
        type: 3}
      propertyPath: m_Materials.Array.data[0]
      value: 
      objectReference: {fileID: 2100000, guid: 1e19109378832834881a0a682d023bed, type: 2}
    - target: {fileID: -6885103945307699996, guid: 95837687ec6d668428393452b5b25c20,
        type: 3}
      propertyPath: m_CastShadows
      value: 2
      objectReference: {fileID: 0}
    - target: {fileID: -2168034450230870029, guid: 95837687ec6d668428393452b5b25c20,
        type: 3}
      propertyPath: m_StaticEditorFlags
      value: 4294967295
      objectReference: {fileID: 0}
    - target: {fileID: -534611887182495813, guid: 95837687ec6d668428393452b5b25c20,
        type: 3}
      propertyPath: m_Materials.Array.data[0]
      value: 
      objectReference: {fileID: 2100000, guid: c7c22fb80f2798046be4518d453a6629, type: 2}
    - target: {fileID: -534611887182495813, guid: 95837687ec6d668428393452b5b25c20,
        type: 3}
      propertyPath: m_CastShadows
      value: 2
      objectReference: {fileID: 0}
    - target: {fileID: 716454275141150140, guid: 95837687ec6d668428393452b5b25c20,
        type: 3}
      propertyPath: m_StaticEditorFlags
      value: 4294967295
      objectReference: {fileID: 0}
    - target: {fileID: 919132149155446097, guid: 95837687ec6d668428393452b5b25c20,
        type: 3}
      propertyPath: m_Name
      value: tile_ramp_bend
      objectReference: {fileID: 0}
    - target: {fileID: 919132149155446097, guid: 95837687ec6d668428393452b5b25c20,
        type: 3}
      propertyPath: m_StaticEditorFlags
      value: 4294967295
      objectReference: {fileID: 0}
    - target: {fileID: 921220405401307420, guid: 95837687ec6d668428393452b5b25c20,
        type: 3}
      propertyPath: m_Enabled
      value: 0
      objectReference: {fileID: 0}
    - target: {fileID: 1382612829623549375, guid: 95837687ec6d668428393452b5b25c20,
        type: 3}
      propertyPath: m_StaticEditorFlags
      value: 4294967295
      objectReference: {fileID: 0}
    - target: {fileID: 2508293843910430959, guid: 95837687ec6d668428393452b5b25c20,
        type: 3}
      propertyPath: m_StaticEditorFlags
      value: 4294967295
      objectReference: {fileID: 0}
    - target: {fileID: 3444629580978910476, guid: 95837687ec6d668428393452b5b25c20,
        type: 3}
      propertyPath: m_LocalPosition.x
      value: 0
      objectReference: {fileID: 0}
    - target: {fileID: 3926394228735475583, guid: 95837687ec6d668428393452b5b25c20,
        type: 3}
      propertyPath: m_Enabled
      value: 0
      objectReference: {fileID: 0}
    - target: {fileID: 4873179288369289867, guid: 95837687ec6d668428393452b5b25c20,
        type: 3}
      propertyPath: m_Materials.Array.data[0]
      value: 
      objectReference: {fileID: 2100000, guid: 80d77430ee374894b8b0e3d6b233bc93, type: 2}
    - target: {fileID: 4873179288369289867, guid: 95837687ec6d668428393452b5b25c20,
        type: 3}
      propertyPath: m_CastShadows
      value: 2
      objectReference: {fileID: 0}
    - target: {fileID: 5097896742025346243, guid: 95837687ec6d668428393452b5b25c20,
        type: 3}
      propertyPath: m_Materials.Array.data[0]
      value: 
      objectReference: {fileID: 2100000, guid: c7c22fb80f2798046be4518d453a6629, type: 2}
    - target: {fileID: 5097896742025346243, guid: 95837687ec6d668428393452b5b25c20,
        type: 3}
      propertyPath: m_CastShadows
      value: 2
      objectReference: {fileID: 0}
    - target: {fileID: 5712832090193690229, guid: 95837687ec6d668428393452b5b25c20,
        type: 3}
      propertyPath: m_StaticEditorFlags
      value: 4294967295
      objectReference: {fileID: 0}
    - target: {fileID: 7503843203600861382, guid: 95837687ec6d668428393452b5b25c20,
        type: 3}
      propertyPath: m_Materials.Array.data[0]
      value: 
      objectReference: {fileID: 2100000, guid: 1e19109378832834881a0a682d023bed, type: 2}
    - target: {fileID: 7503843203600861382, guid: 95837687ec6d668428393452b5b25c20,
        type: 3}
      propertyPath: m_CastShadows
      value: 2
      objectReference: {fileID: 0}
    - target: {fileID: 8568065098883035824, guid: 95837687ec6d668428393452b5b25c20,
        type: 3}
      propertyPath: m_StaticEditorFlags
      value: 4294967295
      objectReference: {fileID: 0}
    - target: {fileID: 8722644639219382253, guid: 95837687ec6d668428393452b5b25c20,
        type: 3}
      propertyPath: m_StaticEditorFlags
      value: 4294967295
      objectReference: {fileID: 0}
    - target: {fileID: 8982645365502439540, guid: 95837687ec6d668428393452b5b25c20,
        type: 3}
      propertyPath: m_StaticEditorFlags
      value: 4294967295
      objectReference: {fileID: 0}
    m_RemovedComponents: []
  m_SourcePrefab: {fileID: 100100000, guid: 95837687ec6d668428393452b5b25c20, type: 3}
--- !u!4 &1998501267484158375 stripped
Transform:
  m_CorrespondingSourceObject: {fileID: -8679921383154817045, guid: 95837687ec6d668428393452b5b25c20,
    type: 3}
  m_PrefabInstance: {fileID: 2032991695694646860}
  m_PrefabAsset: {fileID: 0}
--- !u!1 &1569496168145873904 stripped
GameObject:
  m_CorrespondingSourceObject: {fileID: 716454275141150140, guid: 95837687ec6d668428393452b5b25c20,
    type: 3}
  m_PrefabInstance: {fileID: 2032991695694646860}
  m_PrefabAsset: {fileID: 0}
--- !u!1 &7294613381121587617 stripped
GameObject:
  m_CorrespondingSourceObject: {fileID: 8722644639219382253, guid: 95837687ec6d668428393452b5b25c20,
    type: 3}
  m_PrefabInstance: {fileID: 2032991695694646860}
  m_PrefabAsset: {fileID: 0}
--- !u!1 &9070033090564272575 stripped
GameObject:
  m_CorrespondingSourceObject: {fileID: -2168034450230870029, guid: 95837687ec6d668428393452b5b25c20,
    type: 3}
  m_PrefabInstance: {fileID: 2032991695694646860}
  m_PrefabAsset: {fileID: 0}
--- !u!1 &6962115818237083192 stripped
GameObject:
  m_CorrespondingSourceObject: {fileID: 8982645365502439540, guid: 95837687ec6d668428393452b5b25c20,
    type: 3}
  m_PrefabInstance: {fileID: 2032991695694646860}
  m_PrefabAsset: {fileID: 0}
--- !u!1 &6016437096397451321 stripped
GameObject:
  m_CorrespondingSourceObject: {fileID: 5712832090193690229, guid: 95837687ec6d668428393452b5b25c20,
    type: 3}
  m_PrefabInstance: {fileID: 2032991695694646860}
  m_PrefabAsset: {fileID: 0}
--- !u!1 &7697006780247358716 stripped
GameObject:
  m_CorrespondingSourceObject: {fileID: 8568065098883035824, guid: 95837687ec6d668428393452b5b25c20,
    type: 3}
  m_PrefabInstance: {fileID: 2032991695694646860}
  m_PrefabAsset: {fileID: 0}
--- !u!1 &1165633567183654588 stripped
GameObject:
  m_CorrespondingSourceObject: {fileID: -8350928661084241680, guid: 95837687ec6d668428393452b5b25c20,
    type: 3}
  m_PrefabInstance: {fileID: 2032991695694646860}
  m_PrefabAsset: {fileID: 0}
--- !u!1 &4537830564696579747 stripped
GameObject:
  m_CorrespondingSourceObject: {fileID: 2508293843910430959, guid: 95837687ec6d668428393452b5b25c20,
    type: 3}
  m_PrefabInstance: {fileID: 2032991695694646860}
  m_PrefabAsset: {fileID: 0}
--- !u!1001 &2759570196523598762
PrefabInstance:
  m_ObjectHideFlags: 0
  serializedVersion: 2
  m_Modification:
    m_TransformParent: {fileID: 1092570327469423083}
    m_Modifications:
    - target: {fileID: 487243255437973317, guid: 740648b0b996ba148a76e0d9b869fb16,
        type: 3}
      propertyPath: m_Size.y
      value: 16
      objectReference: {fileID: 0}
    - target: {fileID: 487243255437973317, guid: 740648b0b996ba148a76e0d9b869fb16,
        type: 3}
      propertyPath: m_Size.z
      value: 16
      objectReference: {fileID: 0}
    - target: {fileID: 487243255437973317, guid: 740648b0b996ba148a76e0d9b869fb16,
        type: 3}
      propertyPath: m_Size.x
      value: 16
      objectReference: {fileID: 0}
    - target: {fileID: 487243255437973317, guid: 740648b0b996ba148a76e0d9b869fb16,
        type: 3}
      propertyPath: m_Center.z
      value: -0.5
      objectReference: {fileID: 0}
    - target: {fileID: 1417693665624029033, guid: 740648b0b996ba148a76e0d9b869fb16,
        type: 3}
      propertyPath: m_Name
      value: Area Data
      objectReference: {fileID: 0}
    - target: {fileID: 4268913019039595364, guid: 740648b0b996ba148a76e0d9b869fb16,
        type: 3}
      propertyPath: pathWays.Array.size
      value: 2
      objectReference: {fileID: 0}
    - target: {fileID: 4268913019039595364, guid: 740648b0b996ba148a76e0d9b869fb16,
        type: 3}
      propertyPath: rootObj
      value: 
      objectReference: {fileID: 1092570327469423083}
    - target: {fileID: 4268913019039595364, guid: 740648b0b996ba148a76e0d9b869fb16,
        type: 3}
      propertyPath: pathWays.Array.data[0]
      value: 
      objectReference: {fileID: 6151187818305755356}
    - target: {fileID: 4268913019039595364, guid: 740648b0b996ba148a76e0d9b869fb16,
        type: 3}
      propertyPath: pathWays.Array.data[1]
      value: 
      objectReference: {fileID: 1339297615287978404}
    - target: {fileID: 6391699724059656138, guid: 740648b0b996ba148a76e0d9b869fb16,
        type: 3}
      propertyPath: m_LocalPosition.x
      value: 0
      objectReference: {fileID: 0}
    - target: {fileID: 6391699724059656138, guid: 740648b0b996ba148a76e0d9b869fb16,
        type: 3}
      propertyPath: m_LocalPosition.y
      value: 0
      objectReference: {fileID: 0}
    - target: {fileID: 6391699724059656138, guid: 740648b0b996ba148a76e0d9b869fb16,
        type: 3}
      propertyPath: m_LocalPosition.z
      value: 0
      objectReference: {fileID: 0}
    - target: {fileID: 6391699724059656138, guid: 740648b0b996ba148a76e0d9b869fb16,
        type: 3}
      propertyPath: m_LocalRotation.x
      value: -0
      objectReference: {fileID: 0}
    - target: {fileID: 6391699724059656138, guid: 740648b0b996ba148a76e0d9b869fb16,
        type: 3}
      propertyPath: m_LocalRotation.y
      value: -0
      objectReference: {fileID: 0}
    - target: {fileID: 6391699724059656138, guid: 740648b0b996ba148a76e0d9b869fb16,
        type: 3}
      propertyPath: m_LocalRotation.z
      value: -0
      objectReference: {fileID: 0}
    - target: {fileID: 6391699724059656138, guid: 740648b0b996ba148a76e0d9b869fb16,
        type: 3}
      propertyPath: m_LocalRotation.w
      value: 1
      objectReference: {fileID: 0}
    - target: {fileID: 6391699724059656138, guid: 740648b0b996ba148a76e0d9b869fb16,
        type: 3}
      propertyPath: m_RootOrder
      value: 2
      objectReference: {fileID: 0}
    - target: {fileID: 6391699724059656138, guid: 740648b0b996ba148a76e0d9b869fb16,
        type: 3}
      propertyPath: m_LocalEulerAnglesHint.x
      value: 0
      objectReference: {fileID: 0}
    - target: {fileID: 6391699724059656138, guid: 740648b0b996ba148a76e0d9b869fb16,
        type: 3}
      propertyPath: m_LocalEulerAnglesHint.y
      value: 0
      objectReference: {fileID: 0}
    - target: {fileID: 6391699724059656138, guid: 740648b0b996ba148a76e0d9b869fb16,
        type: 3}
      propertyPath: m_LocalEulerAnglesHint.z
      value: 0
      objectReference: {fileID: 0}
    m_RemovedComponents: []
  m_SourcePrefab: {fileID: 100100000, guid: 740648b0b996ba148a76e0d9b869fb16, type: 3}
--- !u!4 &9149088420776311904 stripped
Transform:
  m_CorrespondingSourceObject: {fileID: 6391699724059656138, guid: 740648b0b996ba148a76e0d9b869fb16,
    type: 3}
  m_PrefabInstance: {fileID: 2759570196523598762}
  m_PrefabAsset: {fileID: 0}
--- !u!1001 &3048110267859175658
PrefabInstance:
  m_ObjectHideFlags: 0
  serializedVersion: 2
  m_Modification:
    m_TransformParent: {fileID: 1092570327469423083}
    m_Modifications:
    - target: {fileID: 3543421499494661069, guid: 7e33b29b50794b84a89f347504a9b0fb,
        type: 3}
      propertyPath: m_Mesh
      value: 
      objectReference: {fileID: 0}
    - target: {fileID: 5797753535670321582, guid: 7e33b29b50794b84a89f347504a9b0fb,
        type: 3}
      propertyPath: m_Name
      value: dirt_overlay (2)
      objectReference: {fileID: 0}
    - target: {fileID: 6264962095848228350, guid: 7e33b29b50794b84a89f347504a9b0fb,
        type: 3}
      propertyPath: m_LocalPosition.x
      value: 11
      objectReference: {fileID: 0}
    - target: {fileID: 6264962095848228350, guid: 7e33b29b50794b84a89f347504a9b0fb,
        type: 3}
      propertyPath: m_LocalPosition.y
      value: -3
      objectReference: {fileID: 0}
    - target: {fileID: 6264962095848228350, guid: 7e33b29b50794b84a89f347504a9b0fb,
        type: 3}
      propertyPath: m_LocalPosition.z
      value: -7.41
      objectReference: {fileID: 0}
    - target: {fileID: 6264962095848228350, guid: 7e33b29b50794b84a89f347504a9b0fb,
        type: 3}
      propertyPath: m_LocalRotation.x
      value: 0.00000031023168
      objectReference: {fileID: 0}
    - target: {fileID: 6264962095848228350, guid: 7e33b29b50794b84a89f347504a9b0fb,
        type: 3}
      propertyPath: m_LocalRotation.y
      value: 0.70710677
      objectReference: {fileID: 0}
    - target: {fileID: 6264962095848228350, guid: 7e33b29b50794b84a89f347504a9b0fb,
        type: 3}
      propertyPath: m_LocalRotation.z
      value: 0.7071068
      objectReference: {fileID: 0}
    - target: {fileID: 6264962095848228350, guid: 7e33b29b50794b84a89f347504a9b0fb,
        type: 3}
      propertyPath: m_LocalRotation.w
      value: -0.00000018626451
      objectReference: {fileID: 0}
    - target: {fileID: 6264962095848228350, guid: 7e33b29b50794b84a89f347504a9b0fb,
        type: 3}
      propertyPath: m_RootOrder
      value: 11
      objectReference: {fileID: 0}
    - target: {fileID: 6264962095848228350, guid: 7e33b29b50794b84a89f347504a9b0fb,
        type: 3}
      propertyPath: m_LocalEulerAnglesHint.x
      value: -90
      objectReference: {fileID: 0}
    - target: {fileID: 6264962095848228350, guid: 7e33b29b50794b84a89f347504a9b0fb,
        type: 3}
      propertyPath: m_LocalEulerAnglesHint.y
      value: 0
      objectReference: {fileID: 0}
    - target: {fileID: 6264962095848228350, guid: 7e33b29b50794b84a89f347504a9b0fb,
        type: 3}
      propertyPath: m_LocalEulerAnglesHint.z
      value: 180
      objectReference: {fileID: 0}
    - target: {fileID: 6435000119060639784, guid: 7e33b29b50794b84a89f347504a9b0fb,
        type: 3}
      propertyPath: m_Mesh
      value: 
      objectReference: {fileID: 0}
    - target: {fileID: 8237994845959693084, guid: 7e33b29b50794b84a89f347504a9b0fb,
        type: 3}
      propertyPath: m_SelectedFaces.Array.size
      value: 0
      objectReference: {fileID: 0}
    - target: {fileID: 8237994845959693084, guid: 7e33b29b50794b84a89f347504a9b0fb,
        type: 3}
      propertyPath: m_SelectedEdges.Array.size
      value: 0
      objectReference: {fileID: 0}
    - target: {fileID: 8237994845959693084, guid: 7e33b29b50794b84a89f347504a9b0fb,
        type: 3}
      propertyPath: m_SelectedVertices.Array.size
      value: 0
      objectReference: {fileID: 0}
    - target: {fileID: 8237994845959693084, guid: 7e33b29b50794b84a89f347504a9b0fb,
        type: 3}
      propertyPath: m_Faces.Array.size
      value: 3
      objectReference: {fileID: 0}
    - target: {fileID: 8237994845959693084, guid: 7e33b29b50794b84a89f347504a9b0fb,
        type: 3}
      propertyPath: m_SharedVertices.Array.size
      value: 8
      objectReference: {fileID: 0}
    - target: {fileID: 8237994845959693084, guid: 7e33b29b50794b84a89f347504a9b0fb,
        type: 3}
      propertyPath: m_SharedVertices.Array.data[3].m_Vertices.Array.size
      value: 1
      objectReference: {fileID: 0}
    - target: {fileID: 8237994845959693084, guid: 7e33b29b50794b84a89f347504a9b0fb,
        type: 3}
      propertyPath: m_SharedVertices.Array.data[6].m_Vertices.Array.size
      value: 2
      objectReference: {fileID: 0}
    - target: {fileID: 8237994845959693084, guid: 7e33b29b50794b84a89f347504a9b0fb,
        type: 3}
      propertyPath: m_SharedVertices.Array.data[8].m_Vertices.Array.size
      value: 1
      objectReference: {fileID: 0}
    - target: {fileID: 8237994845959693084, guid: 7e33b29b50794b84a89f347504a9b0fb,
        type: 3}
      propertyPath: m_SharedVertices.Array.data[9].m_Vertices.Array.size
      value: 2
      objectReference: {fileID: 0}
    - target: {fileID: 8237994845959693084, guid: 7e33b29b50794b84a89f347504a9b0fb,
        type: 3}
      propertyPath: m_SharedVertices.Array.data[10].m_Vertices.Array.size
      value: 2
      objectReference: {fileID: 0}
    - target: {fileID: 8237994845959693084, guid: 7e33b29b50794b84a89f347504a9b0fb,
        type: 3}
      propertyPath: m_SharedVertices.Array.data[11].m_Vertices.Array.size
      value: 1
      objectReference: {fileID: 0}
    - target: {fileID: 8237994845959693084, guid: 7e33b29b50794b84a89f347504a9b0fb,
        type: 3}
      propertyPath: m_Positions.Array.size
      value: 12
      objectReference: {fileID: 0}
    - target: {fileID: 8237994845959693084, guid: 7e33b29b50794b84a89f347504a9b0fb,
        type: 3}
      propertyPath: m_Textures0.Array.size
      value: 12
      objectReference: {fileID: 0}
    - target: {fileID: 8237994845959693084, guid: 7e33b29b50794b84a89f347504a9b0fb,
        type: 3}
      propertyPath: m_Tangents.Array.size
      value: 12
      objectReference: {fileID: 0}
    - target: {fileID: 8237994845959693084, guid: 7e33b29b50794b84a89f347504a9b0fb,
        type: 3}
      propertyPath: m_SharedVertices.Array.data[4].m_Vertices.Array.size
      value: 1
      objectReference: {fileID: 0}
    - target: {fileID: 8237994845959693084, guid: 7e33b29b50794b84a89f347504a9b0fb,
        type: 3}
      propertyPath: m_SharedVertices.Array.data[5].m_Vertices.Array.size
      value: 2
      objectReference: {fileID: 0}
    - target: {fileID: 8237994845959693084, guid: 7e33b29b50794b84a89f347504a9b0fb,
        type: 3}
      propertyPath: m_SharedVertices.Array.data[7].m_Vertices.Array.size
      value: 1
      objectReference: {fileID: 0}
    - target: {fileID: 8237994845959693084, guid: 7e33b29b50794b84a89f347504a9b0fb,
        type: 3}
      propertyPath: m_Mesh
      value: 
      objectReference: {fileID: 0}
    - target: {fileID: 8237994845959693084, guid: 7e33b29b50794b84a89f347504a9b0fb,
        type: 3}
      propertyPath: m_SelectedFaces.Array.data[0]
      value: 0
      objectReference: {fileID: 0}
    - target: {fileID: 8237994845959693084, guid: 7e33b29b50794b84a89f347504a9b0fb,
        type: 3}
      propertyPath: m_SelectedEdges.Array.data[0].a
      value: 0
      objectReference: {fileID: 0}
    - target: {fileID: 8237994845959693084, guid: 7e33b29b50794b84a89f347504a9b0fb,
        type: 3}
      propertyPath: m_SelectedEdges.Array.data[0].b
      value: 1
      objectReference: {fileID: 0}
    - target: {fileID: 8237994845959693084, guid: 7e33b29b50794b84a89f347504a9b0fb,
        type: 3}
      propertyPath: m_SelectedEdges.Array.data[1].a
      value: 2
      objectReference: {fileID: 0}
    - target: {fileID: 8237994845959693084, guid: 7e33b29b50794b84a89f347504a9b0fb,
        type: 3}
      propertyPath: m_SelectedEdges.Array.data[1].b
      value: 0
      objectReference: {fileID: 0}
    - target: {fileID: 8237994845959693084, guid: 7e33b29b50794b84a89f347504a9b0fb,
        type: 3}
      propertyPath: m_SelectedEdges.Array.data[2].a
      value: 1
      objectReference: {fileID: 0}
    - target: {fileID: 8237994845959693084, guid: 7e33b29b50794b84a89f347504a9b0fb,
        type: 3}
      propertyPath: m_SelectedEdges.Array.data[2].b
      value: 3
      objectReference: {fileID: 0}
    - target: {fileID: 8237994845959693084, guid: 7e33b29b50794b84a89f347504a9b0fb,
        type: 3}
      propertyPath: m_SelectedEdges.Array.data[3].a
      value: 3
      objectReference: {fileID: 0}
    - target: {fileID: 8237994845959693084, guid: 7e33b29b50794b84a89f347504a9b0fb,
        type: 3}
      propertyPath: m_SelectedEdges.Array.data[3].b
      value: 2
      objectReference: {fileID: 0}
    - target: {fileID: 8237994845959693084, guid: 7e33b29b50794b84a89f347504a9b0fb,
        type: 3}
      propertyPath: m_SelectedVertices.Array.data[0]
      value: 0
      objectReference: {fileID: 0}
    - target: {fileID: 8237994845959693084, guid: 7e33b29b50794b84a89f347504a9b0fb,
        type: 3}
      propertyPath: m_SelectedVertices.Array.data[1]
      value: 1
      objectReference: {fileID: 0}
    - target: {fileID: 8237994845959693084, guid: 7e33b29b50794b84a89f347504a9b0fb,
        type: 3}
      propertyPath: m_SelectedVertices.Array.data[2]
      value: 2
      objectReference: {fileID: 0}
    - target: {fileID: 8237994845959693084, guid: 7e33b29b50794b84a89f347504a9b0fb,
        type: 3}
      propertyPath: m_SelectedVertices.Array.data[3]
      value: 3
      objectReference: {fileID: 0}
    - target: {fileID: 8237994845959693084, guid: 7e33b29b50794b84a89f347504a9b0fb,
        type: 3}
      propertyPath: m_SelectedFaces.Array.data[1]
      value: 4
      objectReference: {fileID: 0}
    - target: {fileID: 8237994845959693084, guid: 7e33b29b50794b84a89f347504a9b0fb,
        type: 3}
      propertyPath: m_SelectedEdges.Array.data[4].a
      value: 16
      objectReference: {fileID: 0}
    - target: {fileID: 8237994845959693084, guid: 7e33b29b50794b84a89f347504a9b0fb,
        type: 3}
      propertyPath: m_SelectedEdges.Array.data[4].b
      value: 17
      objectReference: {fileID: 0}
    - target: {fileID: 8237994845959693084, guid: 7e33b29b50794b84a89f347504a9b0fb,
        type: 3}
      propertyPath: m_SelectedEdges.Array.data[5].a
      value: 18
      objectReference: {fileID: 0}
    - target: {fileID: 8237994845959693084, guid: 7e33b29b50794b84a89f347504a9b0fb,
        type: 3}
      propertyPath: m_SelectedEdges.Array.data[5].b
      value: 16
      objectReference: {fileID: 0}
    - target: {fileID: 8237994845959693084, guid: 7e33b29b50794b84a89f347504a9b0fb,
        type: 3}
      propertyPath: m_SelectedEdges.Array.data[6].a
      value: 17
      objectReference: {fileID: 0}
    - target: {fileID: 8237994845959693084, guid: 7e33b29b50794b84a89f347504a9b0fb,
        type: 3}
      propertyPath: m_SelectedEdges.Array.data[6].b
      value: 19
      objectReference: {fileID: 0}
    - target: {fileID: 8237994845959693084, guid: 7e33b29b50794b84a89f347504a9b0fb,
        type: 3}
      propertyPath: m_SelectedEdges.Array.data[7].a
      value: 19
      objectReference: {fileID: 0}
    - target: {fileID: 8237994845959693084, guid: 7e33b29b50794b84a89f347504a9b0fb,
        type: 3}
      propertyPath: m_SelectedEdges.Array.data[7].b
      value: 18
      objectReference: {fileID: 0}
    - target: {fileID: 8237994845959693084, guid: 7e33b29b50794b84a89f347504a9b0fb,
        type: 3}
      propertyPath: m_SelectedVertices.Array.data[4]
      value: 16
      objectReference: {fileID: 0}
    - target: {fileID: 8237994845959693084, guid: 7e33b29b50794b84a89f347504a9b0fb,
        type: 3}
      propertyPath: m_SelectedVertices.Array.data[5]
      value: 17
      objectReference: {fileID: 0}
    - target: {fileID: 8237994845959693084, guid: 7e33b29b50794b84a89f347504a9b0fb,
        type: 3}
      propertyPath: m_SelectedVertices.Array.data[6]
      value: 18
      objectReference: {fileID: 0}
    - target: {fileID: 8237994845959693084, guid: 7e33b29b50794b84a89f347504a9b0fb,
        type: 3}
      propertyPath: m_SelectedVertices.Array.data[7]
      value: 19
      objectReference: {fileID: 0}
    - target: {fileID: 8237994845959693084, guid: 7e33b29b50794b84a89f347504a9b0fb,
        type: 3}
      propertyPath: m_SharedVertices.Array.data[2].m_Vertices.Array.data[0]
      value: 5
      objectReference: {fileID: 0}
    - target: {fileID: 8237994845959693084, guid: 7e33b29b50794b84a89f347504a9b0fb,
        type: 3}
      propertyPath: m_SharedVertices.Array.data[2].m_Vertices.Array.data[1]
      value: 8
      objectReference: {fileID: 0}
    - target: {fileID: 8237994845959693084, guid: 7e33b29b50794b84a89f347504a9b0fb,
        type: 3}
      propertyPath: m_SharedVertices.Array.data[3].m_Vertices.Array.data[0]
      value: 9
      objectReference: {fileID: 0}
    - target: {fileID: 8237994845959693084, guid: 7e33b29b50794b84a89f347504a9b0fb,
        type: 3}
      propertyPath: m_SharedVertices.Array.data[4].m_Vertices.Array.data[0]
      value: 2
      objectReference: {fileID: 0}
    - target: {fileID: 8237994845959693084, guid: 7e33b29b50794b84a89f347504a9b0fb,
        type: 3}
      propertyPath: m_SharedVertices.Array.data[4].m_Vertices.Array.data[1]
      value: 12
      objectReference: {fileID: 0}
    - target: {fileID: 8237994845959693084, guid: 7e33b29b50794b84a89f347504a9b0fb,
        type: 3}
      propertyPath: m_SharedVertices.Array.data[5].m_Vertices.Array.data[0]
      value: 3
      objectReference: {fileID: 0}
    - target: {fileID: 8237994845959693084, guid: 7e33b29b50794b84a89f347504a9b0fb,
        type: 3}
      propertyPath: m_SharedVertices.Array.data[5].m_Vertices.Array.data[1]
      value: 6
      objectReference: {fileID: 0}
    - target: {fileID: 8237994845959693084, guid: 7e33b29b50794b84a89f347504a9b0fb,
        type: 3}
      propertyPath: m_SharedVertices.Array.data[5].m_Vertices.Array.data[2]
      value: 13
      objectReference: {fileID: 0}
    - target: {fileID: 8237994845959693084, guid: 7e33b29b50794b84a89f347504a9b0fb,
        type: 3}
      propertyPath: m_SharedVertices.Array.data[5].m_Vertices.Array.data[3]
      value: 16
      objectReference: {fileID: 0}
    - target: {fileID: 8237994845959693084, guid: 7e33b29b50794b84a89f347504a9b0fb,
        type: 3}
      propertyPath: m_SharedVertices.Array.data[6].m_Vertices.Array.data[0]
      value: 7
      objectReference: {fileID: 0}
    - target: {fileID: 8237994845959693084, guid: 7e33b29b50794b84a89f347504a9b0fb,
        type: 3}
      propertyPath: m_SharedVertices.Array.data[6].m_Vertices.Array.data[1]
      value: 10
      objectReference: {fileID: 0}
    - target: {fileID: 8237994845959693084, guid: 7e33b29b50794b84a89f347504a9b0fb,
        type: 3}
      propertyPath: m_SharedVertices.Array.data[6].m_Vertices.Array.data[2]
      value: 17
      objectReference: {fileID: 0}
    - target: {fileID: 8237994845959693084, guid: 7e33b29b50794b84a89f347504a9b0fb,
        type: 3}
      propertyPath: m_SharedVertices.Array.data[6].m_Vertices.Array.data[3]
      value: 20
      objectReference: {fileID: 0}
    - target: {fileID: 8237994845959693084, guid: 7e33b29b50794b84a89f347504a9b0fb,
        type: 3}
      propertyPath: m_Positions.Array.data[0].x
      value: 4
      objectReference: {fileID: 0}
    - target: {fileID: 8237994845959693084, guid: 7e33b29b50794b84a89f347504a9b0fb,
        type: 3}
      propertyPath: m_Positions.Array.data[1].x
      value: 4
      objectReference: {fileID: 0}
    - target: {fileID: 8237994845959693084, guid: 7e33b29b50794b84a89f347504a9b0fb,
        type: 3}
      propertyPath: m_Positions.Array.data[2].x
      value: 6
      objectReference: {fileID: 0}
    - target: {fileID: 8237994845959693084, guid: 7e33b29b50794b84a89f347504a9b0fb,
        type: 3}
      propertyPath: m_Positions.Array.data[3].x
      value: 6
      objectReference: {fileID: 0}
    - target: {fileID: 8237994845959693084, guid: 7e33b29b50794b84a89f347504a9b0fb,
        type: 3}
      propertyPath: m_Positions.Array.data[4].x
      value: 4
      objectReference: {fileID: 0}
    - target: {fileID: 8237994845959693084, guid: 7e33b29b50794b84a89f347504a9b0fb,
        type: 3}
      propertyPath: m_Positions.Array.data[5].x
      value: 4
      objectReference: {fileID: 0}
    - target: {fileID: 8237994845959693084, guid: 7e33b29b50794b84a89f347504a9b0fb,
        type: 3}
      propertyPath: m_Positions.Array.data[6].x
      value: 6
      objectReference: {fileID: 0}
    - target: {fileID: 8237994845959693084, guid: 7e33b29b50794b84a89f347504a9b0fb,
        type: 3}
      propertyPath: m_Positions.Array.data[7].x
      value: 6
      objectReference: {fileID: 0}
    - target: {fileID: 8237994845959693084, guid: 7e33b29b50794b84a89f347504a9b0fb,
        type: 3}
      propertyPath: m_Positions.Array.data[8].x
      value: 4
      objectReference: {fileID: 0}
    - target: {fileID: 8237994845959693084, guid: 7e33b29b50794b84a89f347504a9b0fb,
        type: 3}
      propertyPath: m_Positions.Array.data[9].x
      value: 4
      objectReference: {fileID: 0}
    - target: {fileID: 8237994845959693084, guid: 7e33b29b50794b84a89f347504a9b0fb,
        type: 3}
      propertyPath: m_Positions.Array.data[10].x
      value: 6
      objectReference: {fileID: 0}
    - target: {fileID: 8237994845959693084, guid: 7e33b29b50794b84a89f347504a9b0fb,
        type: 3}
      propertyPath: m_Positions.Array.data[11].x
      value: 6
      objectReference: {fileID: 0}
    - target: {fileID: 8237994845959693084, guid: 7e33b29b50794b84a89f347504a9b0fb,
        type: 3}
      propertyPath: m_Positions.Array.data[12].x
      value: 4
      objectReference: {fileID: 0}
    - target: {fileID: 8237994845959693084, guid: 7e33b29b50794b84a89f347504a9b0fb,
        type: 3}
      propertyPath: m_Positions.Array.data[13].x
      value: 4
      objectReference: {fileID: 0}
    - target: {fileID: 8237994845959693084, guid: 7e33b29b50794b84a89f347504a9b0fb,
        type: 3}
      propertyPath: m_Positions.Array.data[14].x
      value: 6
      objectReference: {fileID: 0}
    - target: {fileID: 8237994845959693084, guid: 7e33b29b50794b84a89f347504a9b0fb,
        type: 3}
      propertyPath: m_Positions.Array.data[15].x
      value: 6
      objectReference: {fileID: 0}
    - target: {fileID: 8237994845959693084, guid: 7e33b29b50794b84a89f347504a9b0fb,
        type: 3}
      propertyPath: m_Positions.Array.data[16].x
      value: 4
      objectReference: {fileID: 0}
    - target: {fileID: 8237994845959693084, guid: 7e33b29b50794b84a89f347504a9b0fb,
        type: 3}
      propertyPath: m_Positions.Array.data[17].x
      value: 4
      objectReference: {fileID: 0}
    - target: {fileID: 8237994845959693084, guid: 7e33b29b50794b84a89f347504a9b0fb,
        type: 3}
      propertyPath: m_Positions.Array.data[18].x
      value: 6
      objectReference: {fileID: 0}
    - target: {fileID: 8237994845959693084, guid: 7e33b29b50794b84a89f347504a9b0fb,
        type: 3}
      propertyPath: m_Positions.Array.data[19].x
      value: 6
      objectReference: {fileID: 0}
    - target: {fileID: 8237994845959693084, guid: 7e33b29b50794b84a89f347504a9b0fb,
        type: 3}
      propertyPath: m_Positions.Array.data[20].x
      value: 4
      objectReference: {fileID: 0}
    - target: {fileID: 8237994845959693084, guid: 7e33b29b50794b84a89f347504a9b0fb,
        type: 3}
      propertyPath: m_Positions.Array.data[21].x
      value: 4
      objectReference: {fileID: 0}
    - target: {fileID: 8237994845959693084, guid: 7e33b29b50794b84a89f347504a9b0fb,
        type: 3}
      propertyPath: m_Positions.Array.data[22].x
      value: 6
      objectReference: {fileID: 0}
    - target: {fileID: 8237994845959693084, guid: 7e33b29b50794b84a89f347504a9b0fb,
        type: 3}
      propertyPath: m_Positions.Array.data[23].x
      value: 6
      objectReference: {fileID: 0}
    - target: {fileID: 8237994845959693084, guid: 7e33b29b50794b84a89f347504a9b0fb,
        type: 3}
      propertyPath: m_Textures0.Array.data[0].x
      value: 4
      objectReference: {fileID: 0}
    - target: {fileID: 8237994845959693084, guid: 7e33b29b50794b84a89f347504a9b0fb,
        type: 3}
      propertyPath: m_Textures0.Array.data[1].x
      value: 4
      objectReference: {fileID: 0}
    - target: {fileID: 8237994845959693084, guid: 7e33b29b50794b84a89f347504a9b0fb,
        type: 3}
      propertyPath: m_Textures0.Array.data[2].x
      value: 6
      objectReference: {fileID: 0}
    - target: {fileID: 8237994845959693084, guid: 7e33b29b50794b84a89f347504a9b0fb,
        type: 3}
      propertyPath: m_Textures0.Array.data[3].x
      value: 6
      objectReference: {fileID: 0}
    - target: {fileID: 8237994845959693084, guid: 7e33b29b50794b84a89f347504a9b0fb,
        type: 3}
      propertyPath: m_Textures0.Array.data[4].x
      value: 4
      objectReference: {fileID: 0}
    - target: {fileID: 8237994845959693084, guid: 7e33b29b50794b84a89f347504a9b0fb,
        type: 3}
      propertyPath: m_Textures0.Array.data[5].x
      value: 4
      objectReference: {fileID: 0}
    - target: {fileID: 8237994845959693084, guid: 7e33b29b50794b84a89f347504a9b0fb,
        type: 3}
      propertyPath: m_Textures0.Array.data[6].x
      value: 6
      objectReference: {fileID: 0}
    - target: {fileID: 8237994845959693084, guid: 7e33b29b50794b84a89f347504a9b0fb,
        type: 3}
      propertyPath: m_Textures0.Array.data[7].x
      value: 6
      objectReference: {fileID: 0}
    - target: {fileID: 8237994845959693084, guid: 7e33b29b50794b84a89f347504a9b0fb,
        type: 3}
      propertyPath: m_Textures0.Array.data[8].x
      value: 4
      objectReference: {fileID: 0}
    - target: {fileID: 8237994845959693084, guid: 7e33b29b50794b84a89f347504a9b0fb,
        type: 3}
      propertyPath: m_Textures0.Array.data[9].x
      value: 4
      objectReference: {fileID: 0}
    - target: {fileID: 8237994845959693084, guid: 7e33b29b50794b84a89f347504a9b0fb,
        type: 3}
      propertyPath: m_Textures0.Array.data[10].x
      value: 6
      objectReference: {fileID: 0}
    - target: {fileID: 8237994845959693084, guid: 7e33b29b50794b84a89f347504a9b0fb,
        type: 3}
      propertyPath: m_Textures0.Array.data[11].x
      value: 6
      objectReference: {fileID: 0}
    - target: {fileID: 8237994845959693084, guid: 7e33b29b50794b84a89f347504a9b0fb,
        type: 3}
      propertyPath: m_Textures0.Array.data[12].x
      value: 4
      objectReference: {fileID: 0}
    - target: {fileID: 8237994845959693084, guid: 7e33b29b50794b84a89f347504a9b0fb,
        type: 3}
      propertyPath: m_Textures0.Array.data[13].x
      value: 4
      objectReference: {fileID: 0}
    - target: {fileID: 8237994845959693084, guid: 7e33b29b50794b84a89f347504a9b0fb,
        type: 3}
      propertyPath: m_Textures0.Array.data[14].x
      value: 6
      objectReference: {fileID: 0}
    - target: {fileID: 8237994845959693084, guid: 7e33b29b50794b84a89f347504a9b0fb,
        type: 3}
      propertyPath: m_Textures0.Array.data[15].x
      value: 6
      objectReference: {fileID: 0}
    - target: {fileID: 8237994845959693084, guid: 7e33b29b50794b84a89f347504a9b0fb,
        type: 3}
      propertyPath: m_Textures0.Array.data[16].x
      value: 4
      objectReference: {fileID: 0}
    - target: {fileID: 8237994845959693084, guid: 7e33b29b50794b84a89f347504a9b0fb,
        type: 3}
      propertyPath: m_Textures0.Array.data[17].x
      value: 4
      objectReference: {fileID: 0}
    - target: {fileID: 8237994845959693084, guid: 7e33b29b50794b84a89f347504a9b0fb,
        type: 3}
      propertyPath: m_Textures0.Array.data[18].x
      value: 6
      objectReference: {fileID: 0}
    - target: {fileID: 8237994845959693084, guid: 7e33b29b50794b84a89f347504a9b0fb,
        type: 3}
      propertyPath: m_Textures0.Array.data[19].x
      value: 6
      objectReference: {fileID: 0}
    - target: {fileID: 8237994845959693084, guid: 7e33b29b50794b84a89f347504a9b0fb,
        type: 3}
      propertyPath: m_Textures0.Array.data[20].x
      value: 4
      objectReference: {fileID: 0}
    - target: {fileID: 8237994845959693084, guid: 7e33b29b50794b84a89f347504a9b0fb,
        type: 3}
      propertyPath: m_Textures0.Array.data[21].x
      value: 4
      objectReference: {fileID: 0}
    - target: {fileID: 8237994845959693084, guid: 7e33b29b50794b84a89f347504a9b0fb,
        type: 3}
      propertyPath: m_Textures0.Array.data[22].x
      value: 6
      objectReference: {fileID: 0}
    - target: {fileID: 8237994845959693084, guid: 7e33b29b50794b84a89f347504a9b0fb,
        type: 3}
      propertyPath: m_Textures0.Array.data[23].x
      value: 6
      objectReference: {fileID: 0}
    m_RemovedComponents: []
  m_SourcePrefab: {fileID: 100100000, guid: 7e33b29b50794b84a89f347504a9b0fb, type: 3}
--- !u!4 &8988215046872337684 stripped
Transform:
  m_CorrespondingSourceObject: {fileID: 6264962095848228350, guid: 7e33b29b50794b84a89f347504a9b0fb,
    type: 3}
  m_PrefabInstance: {fileID: 3048110267859175658}
  m_PrefabAsset: {fileID: 0}
--- !u!1001 &3149917332564561252
PrefabInstance:
  m_ObjectHideFlags: 0
  serializedVersion: 2
  m_Modification:
    m_TransformParent: {fileID: 1092570327469423083}
    m_Modifications:
    - target: {fileID: 4480231912345307869, guid: c33297519c0d805438c529b352700753,
        type: 3}
      propertyPath: m_LocalPosition.x
      value: 4
      objectReference: {fileID: 0}
    - target: {fileID: 4480231912345307869, guid: c33297519c0d805438c529b352700753,
        type: 3}
      propertyPath: m_LocalPosition.y
      value: 0
      objectReference: {fileID: 0}
    - target: {fileID: 4480231912345307869, guid: c33297519c0d805438c529b352700753,
        type: 3}
      propertyPath: m_LocalPosition.z
      value: -1
      objectReference: {fileID: 0}
    - target: {fileID: 4480231912345307869, guid: c33297519c0d805438c529b352700753,
        type: 3}
      propertyPath: m_LocalRotation.x
      value: -0
      objectReference: {fileID: 0}
    - target: {fileID: 4480231912345307869, guid: c33297519c0d805438c529b352700753,
        type: 3}
      propertyPath: m_LocalRotation.y
      value: 0.70710576
      objectReference: {fileID: 0}
    - target: {fileID: 4480231912345307869, guid: c33297519c0d805438c529b352700753,
        type: 3}
      propertyPath: m_LocalRotation.z
      value: -0
      objectReference: {fileID: 0}
    - target: {fileID: 4480231912345307869, guid: c33297519c0d805438c529b352700753,
        type: 3}
      propertyPath: m_LocalRotation.w
      value: 0.70710784
      objectReference: {fileID: 0}
    - target: {fileID: 4480231912345307869, guid: c33297519c0d805438c529b352700753,
        type: 3}
      propertyPath: m_RootOrder
      value: 13
      objectReference: {fileID: 0}
    - target: {fileID: 4480231912345307869, guid: c33297519c0d805438c529b352700753,
        type: 3}
      propertyPath: m_LocalEulerAnglesHint.x
      value: 0
      objectReference: {fileID: 0}
    - target: {fileID: 4480231912345307869, guid: c33297519c0d805438c529b352700753,
        type: 3}
      propertyPath: m_LocalEulerAnglesHint.y
      value: 90
      objectReference: {fileID: 0}
    - target: {fileID: 4480231912345307869, guid: c33297519c0d805438c529b352700753,
        type: 3}
      propertyPath: m_LocalEulerAnglesHint.z
      value: 0
      objectReference: {fileID: 0}
    - target: {fileID: 5691523600005697621, guid: c33297519c0d805438c529b352700753,
        type: 3}
      propertyPath: m_Name
      value: tile_facility_door_frame (1)
      objectReference: {fileID: 0}
    m_RemovedComponents: []
  m_SourcePrefab: {fileID: 100100000, guid: c33297519c0d805438c529b352700753, type: 3}
--- !u!4 &1556620599611967417 stripped
Transform:
  m_CorrespondingSourceObject: {fileID: 4480231912345307869, guid: c33297519c0d805438c529b352700753,
    type: 3}
  m_PrefabInstance: {fileID: 3149917332564561252}
  m_PrefabAsset: {fileID: 0}
--- !u!1001 &3990515561812110127
PrefabInstance:
  m_ObjectHideFlags: 0
  serializedVersion: 2
  m_Modification:
    m_TransformParent: {fileID: 1092570327469423083}
    m_Modifications:
    - target: {fileID: 3827401120674770307, guid: 04ce9c606333b674381deb48f233a277,
        type: 3}
      propertyPath: m_LocalPosition.x
      value: -4
      objectReference: {fileID: 0}
    - target: {fileID: 3827401120674770307, guid: 04ce9c606333b674381deb48f233a277,
        type: 3}
      propertyPath: m_LocalPosition.y
      value: 4
      objectReference: {fileID: 0}
    - target: {fileID: 3827401120674770307, guid: 04ce9c606333b674381deb48f233a277,
        type: 3}
      propertyPath: m_LocalPosition.z
      value: 7.5
      objectReference: {fileID: 0}
    - target: {fileID: 3827401120674770307, guid: 04ce9c606333b674381deb48f233a277,
        type: 3}
      propertyPath: m_LocalRotation.x
      value: 0
      objectReference: {fileID: 0}
    - target: {fileID: 3827401120674770307, guid: 04ce9c606333b674381deb48f233a277,
        type: 3}
      propertyPath: m_LocalRotation.y
      value: 0
      objectReference: {fileID: 0}
    - target: {fileID: 3827401120674770307, guid: 04ce9c606333b674381deb48f233a277,
        type: 3}
      propertyPath: m_LocalRotation.z
      value: 0
      objectReference: {fileID: 0}
    - target: {fileID: 3827401120674770307, guid: 04ce9c606333b674381deb48f233a277,
        type: 3}
      propertyPath: m_LocalRotation.w
      value: 1
      objectReference: {fileID: 0}
    - target: {fileID: 3827401120674770307, guid: 04ce9c606333b674381deb48f233a277,
        type: 3}
      propertyPath: m_RootOrder
      value: 4
      objectReference: {fileID: 0}
    - target: {fileID: 3827401120674770307, guid: 04ce9c606333b674381deb48f233a277,
        type: 3}
      propertyPath: m_LocalEulerAnglesHint.x
      value: 0
      objectReference: {fileID: 0}
    - target: {fileID: 3827401120674770307, guid: 04ce9c606333b674381deb48f233a277,
        type: 3}
      propertyPath: m_LocalEulerAnglesHint.y
      value: 0
      objectReference: {fileID: 0}
    - target: {fileID: 3827401120674770307, guid: 04ce9c606333b674381deb48f233a277,
        type: 3}
      propertyPath: m_LocalEulerAnglesHint.z
      value: 0
      objectReference: {fileID: 0}
    - target: {fileID: 8935671478945291720, guid: 04ce9c606333b674381deb48f233a277,
        type: 3}
      propertyPath: m_Name
      value: Pathway (1)
      objectReference: {fileID: 0}
    m_RemovedComponents: []
  m_SourcePrefab: {fileID: 100100000, guid: 04ce9c606333b674381deb48f233a277, type: 3}
--- !u!4 &179160784247113388 stripped
Transform:
  m_CorrespondingSourceObject: {fileID: 3827401120674770307, guid: 04ce9c606333b674381deb48f233a277,
    type: 3}
  m_PrefabInstance: {fileID: 3990515561812110127}
  m_PrefabAsset: {fileID: 0}
--- !u!114 &1339297615287978404 stripped
MonoBehaviour:
  m_CorrespondingSourceObject: {fileID: 2735669416405377675, guid: 04ce9c606333b674381deb48f233a277,
    type: 3}
  m_PrefabInstance: {fileID: 3990515561812110127}
  m_PrefabAsset: {fileID: 0}
  m_GameObject: {fileID: 0}
  m_Enabled: 1
  m_EditorHideFlags: 0
  m_Script: {fileID: 11500000, guid: dd60658e6871a844788f7768b8dd9a51, type: 3}
  m_Name: 
  m_EditorClassIdentifier: 
--- !u!1001 &4285591807744409928
PrefabInstance:
  m_ObjectHideFlags: 0
  serializedVersion: 2
  m_Modification:
    m_TransformParent: {fileID: 1092570327469423083}
    m_Modifications:
    - target: {fileID: 3421432501886469269, guid: 99c050f458fc7f94f892c1305e936f5a,
        type: 3}
      propertyPath: m_LocalPosition.x
      value: -0
      objectReference: {fileID: 0}
    - target: {fileID: 3421432501886469269, guid: 99c050f458fc7f94f892c1305e936f5a,
        type: 3}
      propertyPath: m_LocalPosition.y
      value: 3
      objectReference: {fileID: 0}
    - target: {fileID: 3421432501886469269, guid: 99c050f458fc7f94f892c1305e936f5a,
        type: 3}
      propertyPath: m_LocalPosition.z
      value: -4.5
      objectReference: {fileID: 0}
    - target: {fileID: 3421432501886469269, guid: 99c050f458fc7f94f892c1305e936f5a,
        type: 3}
      propertyPath: m_LocalRotation.x
      value: 0
      objectReference: {fileID: 0}
    - target: {fileID: 3421432501886469269, guid: 99c050f458fc7f94f892c1305e936f5a,
        type: 3}
      propertyPath: m_LocalRotation.y
      value: 0
      objectReference: {fileID: 0}
    - target: {fileID: 3421432501886469269, guid: 99c050f458fc7f94f892c1305e936f5a,
        type: 3}
      propertyPath: m_LocalRotation.z
      value: 0
      objectReference: {fileID: 0}
    - target: {fileID: 3421432501886469269, guid: 99c050f458fc7f94f892c1305e936f5a,
        type: 3}
      propertyPath: m_LocalRotation.w
      value: 1
      objectReference: {fileID: 0}
    - target: {fileID: 3421432501886469269, guid: 99c050f458fc7f94f892c1305e936f5a,
        type: 3}
      propertyPath: m_RootOrder
      value: 5
      objectReference: {fileID: 0}
    - target: {fileID: 3421432501886469269, guid: 99c050f458fc7f94f892c1305e936f5a,
        type: 3}
      propertyPath: m_LocalEulerAnglesHint.x
      value: 0
      objectReference: {fileID: 0}
    - target: {fileID: 3421432501886469269, guid: 99c050f458fc7f94f892c1305e936f5a,
        type: 3}
      propertyPath: m_LocalEulerAnglesHint.y
      value: 0
      objectReference: {fileID: 0}
    - target: {fileID: 3421432501886469269, guid: 99c050f458fc7f94f892c1305e936f5a,
        type: 3}
      propertyPath: m_LocalEulerAnglesHint.z
      value: 0
      objectReference: {fileID: 0}
    - target: {fileID: 7943416620896577185, guid: 99c050f458fc7f94f892c1305e936f5a,
        type: 3}
      propertyPath: m_Name
      value: deco_light_long
      objectReference: {fileID: 0}
    m_RemovedComponents: []
  m_SourcePrefab: {fileID: 100100000, guid: 99c050f458fc7f94f892c1305e936f5a, type: 3}
--- !u!4 &1441756271392146909 stripped
Transform:
  m_CorrespondingSourceObject: {fileID: 3421432501886469269, guid: 99c050f458fc7f94f892c1305e936f5a,
    type: 3}
  m_PrefabInstance: {fileID: 4285591807744409928}
  m_PrefabAsset: {fileID: 0}
--- !u!1001 &6441183807634064276
PrefabInstance:
  m_ObjectHideFlags: 0
  serializedVersion: 2
  m_Modification:
    m_TransformParent: {fileID: 1092570327469423083}
    m_Modifications:
    - target: {fileID: 3543421499494661069, guid: 7e33b29b50794b84a89f347504a9b0fb,
        type: 3}
      propertyPath: m_Mesh
      value: 
      objectReference: {fileID: 0}
    - target: {fileID: 5797753535670321582, guid: 7e33b29b50794b84a89f347504a9b0fb,
        type: 3}
      propertyPath: m_Name
      value: dirt_overlay (1)
      objectReference: {fileID: 0}
    - target: {fileID: 6264962095848228350, guid: 7e33b29b50794b84a89f347504a9b0fb,
        type: 3}
      propertyPath: m_LocalPosition.x
      value: 5
      objectReference: {fileID: 0}
    - target: {fileID: 6264962095848228350, guid: 7e33b29b50794b84a89f347504a9b0fb,
        type: 3}
      propertyPath: m_LocalPosition.y
      value: -3
      objectReference: {fileID: 0}
    - target: {fileID: 6264962095848228350, guid: 7e33b29b50794b84a89f347504a9b0fb,
        type: 3}
      propertyPath: m_LocalPosition.z
      value: -7.41
      objectReference: {fileID: 0}
    - target: {fileID: 6264962095848228350, guid: 7e33b29b50794b84a89f347504a9b0fb,
        type: 3}
      propertyPath: m_LocalRotation.x
      value: 0.00000031023168
      objectReference: {fileID: 0}
    - target: {fileID: 6264962095848228350, guid: 7e33b29b50794b84a89f347504a9b0fb,
        type: 3}
      propertyPath: m_LocalRotation.y
      value: 0.70710677
      objectReference: {fileID: 0}
    - target: {fileID: 6264962095848228350, guid: 7e33b29b50794b84a89f347504a9b0fb,
        type: 3}
      propertyPath: m_LocalRotation.z
      value: 0.7071068
      objectReference: {fileID: 0}
    - target: {fileID: 6264962095848228350, guid: 7e33b29b50794b84a89f347504a9b0fb,
        type: 3}
      propertyPath: m_LocalRotation.w
      value: -0.00000018626451
      objectReference: {fileID: 0}
    - target: {fileID: 6264962095848228350, guid: 7e33b29b50794b84a89f347504a9b0fb,
        type: 3}
      propertyPath: m_RootOrder
      value: 10
      objectReference: {fileID: 0}
    - target: {fileID: 6264962095848228350, guid: 7e33b29b50794b84a89f347504a9b0fb,
        type: 3}
      propertyPath: m_LocalEulerAnglesHint.x
      value: -90
      objectReference: {fileID: 0}
    - target: {fileID: 6264962095848228350, guid: 7e33b29b50794b84a89f347504a9b0fb,
        type: 3}
      propertyPath: m_LocalEulerAnglesHint.y
      value: 0
      objectReference: {fileID: 0}
    - target: {fileID: 6264962095848228350, guid: 7e33b29b50794b84a89f347504a9b0fb,
        type: 3}
      propertyPath: m_LocalEulerAnglesHint.z
      value: 180
      objectReference: {fileID: 0}
    - target: {fileID: 6435000119060639784, guid: 7e33b29b50794b84a89f347504a9b0fb,
        type: 3}
      propertyPath: m_Mesh
      value: 
      objectReference: {fileID: 0}
    - target: {fileID: 8237994845959693084, guid: 7e33b29b50794b84a89f347504a9b0fb,
        type: 3}
      propertyPath: m_Mesh
      value: 
      objectReference: {fileID: 0}
    m_RemovedComponents: []
  m_SourcePrefab: {fileID: 100100000, guid: 7e33b29b50794b84a89f347504a9b0fb, type: 3}
--- !u!4 &1122015739970373226 stripped
Transform:
  m_CorrespondingSourceObject: {fileID: 6264962095848228350, guid: 7e33b29b50794b84a89f347504a9b0fb,
    type: 3}
  m_PrefabInstance: {fileID: 6441183807634064276}
  m_PrefabAsset: {fileID: 0}
--- !u!1001 &7413143289156012459
PrefabInstance:
  m_ObjectHideFlags: 0
  serializedVersion: 2
  m_Modification:
    m_TransformParent: {fileID: 1092570327469423083}
    m_Modifications:
    - target: {fileID: 3407841530080363066, guid: 9ab3b198ac1e1894ebd8c0d9691e84cc,
        type: 3}
      propertyPath: m_Name
      value: deco_pipe_corner
      objectReference: {fileID: 0}
    - target: {fileID: 7013272060044806069, guid: 9ab3b198ac1e1894ebd8c0d9691e84cc,
        type: 3}
      propertyPath: m_LocalPosition.x
      value: 6.5
      objectReference: {fileID: 0}
    - target: {fileID: 7013272060044806069, guid: 9ab3b198ac1e1894ebd8c0d9691e84cc,
        type: 3}
      propertyPath: m_LocalPosition.y
      value: -1.0000999
      objectReference: {fileID: 0}
    - target: {fileID: 7013272060044806069, guid: 9ab3b198ac1e1894ebd8c0d9691e84cc,
        type: 3}
      propertyPath: m_LocalPosition.z
      value: -4.5
      objectReference: {fileID: 0}
    - target: {fileID: 7013272060044806069, guid: 9ab3b198ac1e1894ebd8c0d9691e84cc,
        type: 3}
      propertyPath: m_LocalRotation.x
      value: -0
      objectReference: {fileID: 0}
    - target: {fileID: 7013272060044806069, guid: 9ab3b198ac1e1894ebd8c0d9691e84cc,
        type: 3}
      propertyPath: m_LocalRotation.y
      value: -0
      objectReference: {fileID: 0}
    - target: {fileID: 7013272060044806069, guid: 9ab3b198ac1e1894ebd8c0d9691e84cc,
        type: 3}
      propertyPath: m_LocalRotation.z
      value: -0
      objectReference: {fileID: 0}
    - target: {fileID: 7013272060044806069, guid: 9ab3b198ac1e1894ebd8c0d9691e84cc,
        type: 3}
      propertyPath: m_LocalRotation.w
      value: 1
      objectReference: {fileID: 0}
    - target: {fileID: 7013272060044806069, guid: 9ab3b198ac1e1894ebd8c0d9691e84cc,
        type: 3}
      propertyPath: m_RootOrder
      value: 6
      objectReference: {fileID: 0}
    - target: {fileID: 7013272060044806069, guid: 9ab3b198ac1e1894ebd8c0d9691e84cc,
        type: 3}
      propertyPath: m_LocalEulerAnglesHint.x
      value: 0
      objectReference: {fileID: 0}
    - target: {fileID: 7013272060044806069, guid: 9ab3b198ac1e1894ebd8c0d9691e84cc,
        type: 3}
      propertyPath: m_LocalEulerAnglesHint.y
      value: 0
      objectReference: {fileID: 0}
    - target: {fileID: 7013272060044806069, guid: 9ab3b198ac1e1894ebd8c0d9691e84cc,
        type: 3}
      propertyPath: m_LocalEulerAnglesHint.z
      value: 0
      objectReference: {fileID: 0}
    m_RemovedComponents: []
  m_SourcePrefab: {fileID: 100100000, guid: 9ab3b198ac1e1894ebd8c0d9691e84cc, type: 3}
--- !u!4 &555318571225550366 stripped
Transform:
  m_CorrespondingSourceObject: {fileID: 7013272060044806069, guid: 9ab3b198ac1e1894ebd8c0d9691e84cc,
    type: 3}
  m_PrefabInstance: {fileID: 7413143289156012459}
  m_PrefabAsset: {fileID: 0}
--- !u!1001 &7828475299490381588
PrefabInstance:
  m_ObjectHideFlags: 0
  serializedVersion: 2
  m_Modification:
    m_TransformParent: {fileID: 1092570327469423083}
    m_Modifications:
    - target: {fileID: 3407841530080363066, guid: 9ab3b198ac1e1894ebd8c0d9691e84cc,
        type: 3}
      propertyPath: m_Name
      value: deco_pipe_corner (1)
      objectReference: {fileID: 0}
    - target: {fileID: 7013272060044806069, guid: 9ab3b198ac1e1894ebd8c0d9691e84cc,
        type: 3}
      propertyPath: m_LocalPosition.x
      value: 6.5
      objectReference: {fileID: 0}
    - target: {fileID: 7013272060044806069, guid: 9ab3b198ac1e1894ebd8c0d9691e84cc,
        type: 3}
      propertyPath: m_LocalPosition.y
      value: -1
      objectReference: {fileID: 0}
    - target: {fileID: 7013272060044806069, guid: 9ab3b198ac1e1894ebd8c0d9691e84cc,
        type: 3}
      propertyPath: m_LocalPosition.z
      value: -4.5
      objectReference: {fileID: 0}
    - target: {fileID: 7013272060044806069, guid: 9ab3b198ac1e1894ebd8c0d9691e84cc,
        type: 3}
      propertyPath: m_LocalRotation.x
      value: -1
      objectReference: {fileID: 0}
    - target: {fileID: 7013272060044806069, guid: 9ab3b198ac1e1894ebd8c0d9691e84cc,
        type: 3}
      propertyPath: m_LocalRotation.y
      value: -0
      objectReference: {fileID: 0}
    - target: {fileID: 7013272060044806069, guid: 9ab3b198ac1e1894ebd8c0d9691e84cc,
        type: 3}
      propertyPath: m_LocalRotation.z
      value: -0
      objectReference: {fileID: 0}
    - target: {fileID: 7013272060044806069, guid: 9ab3b198ac1e1894ebd8c0d9691e84cc,
        type: 3}
      propertyPath: m_LocalRotation.w
      value: 0.0000029504295
      objectReference: {fileID: 0}
    - target: {fileID: 7013272060044806069, guid: 9ab3b198ac1e1894ebd8c0d9691e84cc,
        type: 3}
      propertyPath: m_RootOrder
      value: 7
      objectReference: {fileID: 0}
    - target: {fileID: 7013272060044806069, guid: 9ab3b198ac1e1894ebd8c0d9691e84cc,
        type: 3}
      propertyPath: m_LocalEulerAnglesHint.x
      value: -180
      objectReference: {fileID: 0}
    - target: {fileID: 7013272060044806069, guid: 9ab3b198ac1e1894ebd8c0d9691e84cc,
        type: 3}
      propertyPath: m_LocalEulerAnglesHint.y
      value: 0
      objectReference: {fileID: 0}
    - target: {fileID: 7013272060044806069, guid: 9ab3b198ac1e1894ebd8c0d9691e84cc,
        type: 3}
      propertyPath: m_LocalEulerAnglesHint.z
      value: 0
      objectReference: {fileID: 0}
    m_RemovedComponents: []
  m_SourcePrefab: {fileID: 100100000, guid: 9ab3b198ac1e1894ebd8c0d9691e84cc, type: 3}
--- !u!4 &1004427000694159521 stripped
Transform:
  m_CorrespondingSourceObject: {fileID: 7013272060044806069, guid: 9ab3b198ac1e1894ebd8c0d9691e84cc,
    type: 3}
  m_PrefabInstance: {fileID: 7828475299490381588}
  m_PrefabAsset: {fileID: 0}
--- !u!1001 &8118411701686975063
PrefabInstance:
  m_ObjectHideFlags: 0
  serializedVersion: 2
  m_Modification:
    m_TransformParent: {fileID: 1092570327469423083}
    m_Modifications:
    - target: {fileID: 3827401120674770307, guid: 04ce9c606333b674381deb48f233a277,
        type: 3}
      propertyPath: m_LocalPosition.x
      value: 4
      objectReference: {fileID: 0}
    - target: {fileID: 3827401120674770307, guid: 04ce9c606333b674381deb48f233a277,
        type: 3}
      propertyPath: m_LocalPosition.y
      value: -4
      objectReference: {fileID: 0}
    - target: {fileID: 3827401120674770307, guid: 04ce9c606333b674381deb48f233a277,
        type: 3}
      propertyPath: m_LocalPosition.z
      value: 7.5
      objectReference: {fileID: 0}
    - target: {fileID: 3827401120674770307, guid: 04ce9c606333b674381deb48f233a277,
        type: 3}
      propertyPath: m_LocalRotation.x
      value: 0
      objectReference: {fileID: 0}
    - target: {fileID: 3827401120674770307, guid: 04ce9c606333b674381deb48f233a277,
        type: 3}
      propertyPath: m_LocalRotation.y
      value: 0
      objectReference: {fileID: 0}
    - target: {fileID: 3827401120674770307, guid: 04ce9c606333b674381deb48f233a277,
        type: 3}
      propertyPath: m_LocalRotation.z
      value: 0
      objectReference: {fileID: 0}
    - target: {fileID: 3827401120674770307, guid: 04ce9c606333b674381deb48f233a277,
        type: 3}
      propertyPath: m_LocalRotation.w
      value: 1
      objectReference: {fileID: 0}
    - target: {fileID: 3827401120674770307, guid: 04ce9c606333b674381deb48f233a277,
        type: 3}
      propertyPath: m_RootOrder
      value: 3
      objectReference: {fileID: 0}
    - target: {fileID: 3827401120674770307, guid: 04ce9c606333b674381deb48f233a277,
        type: 3}
      propertyPath: m_LocalEulerAnglesHint.x
      value: 0
      objectReference: {fileID: 0}
    - target: {fileID: 3827401120674770307, guid: 04ce9c606333b674381deb48f233a277,
        type: 3}
      propertyPath: m_LocalEulerAnglesHint.y
      value: 0
      objectReference: {fileID: 0}
    - target: {fileID: 3827401120674770307, guid: 04ce9c606333b674381deb48f233a277,
        type: 3}
      propertyPath: m_LocalEulerAnglesHint.z
      value: 0
      objectReference: {fileID: 0}
    - target: {fileID: 8935671478945291720, guid: 04ce9c606333b674381deb48f233a277,
        type: 3}
      propertyPath: m_Name
      value: Pathway
      objectReference: {fileID: 0}
    m_RemovedComponents: []
  m_SourcePrefab: {fileID: 100100000, guid: 04ce9c606333b674381deb48f233a277, type: 3}
--- !u!114 &6151187818305755356 stripped
MonoBehaviour:
  m_CorrespondingSourceObject: {fileID: 2735669416405377675, guid: 04ce9c606333b674381deb48f233a277,
    type: 3}
  m_PrefabInstance: {fileID: 8118411701686975063}
  m_PrefabAsset: {fileID: 0}
  m_GameObject: {fileID: 0}
  m_Enabled: 1
  m_EditorHideFlags: 0
  m_Script: {fileID: 11500000, guid: dd60658e6871a844788f7768b8dd9a51, type: 3}
  m_Name: 
  m_EditorClassIdentifier: 
--- !u!4 &5023709753796024276 stripped
Transform:
  m_CorrespondingSourceObject: {fileID: 3827401120674770307, guid: 04ce9c606333b674381deb48f233a277,
    type: 3}
  m_PrefabInstance: {fileID: 8118411701686975063}
  m_PrefabAsset: {fileID: 0}
--- !u!1001 &8320891331629491130
PrefabInstance:
  m_ObjectHideFlags: 0
  serializedVersion: 2
  m_Modification:
    m_TransformParent: {fileID: 1092570327469423083}
    m_Modifications:
    - target: {fileID: 2007885701084124834, guid: 0a2f11d5306e1dc41be60aad6759ff09,
        type: 3}
      propertyPath: m_Name
      value: deco_pipe_connector_T
      objectReference: {fileID: 0}
    - target: {fileID: 6215844898393355620, guid: 0a2f11d5306e1dc41be60aad6759ff09,
        type: 3}
      propertyPath: m_LocalPosition.x
      value: 6.5
      objectReference: {fileID: 0}
    - target: {fileID: 6215844898393355620, guid: 0a2f11d5306e1dc41be60aad6759ff09,
        type: 3}
      propertyPath: m_LocalPosition.y
      value: 3
      objectReference: {fileID: 0}
    - target: {fileID: 6215844898393355620, guid: 0a2f11d5306e1dc41be60aad6759ff09,
        type: 3}
      propertyPath: m_LocalPosition.z
      value: -6.5
      objectReference: {fileID: 0}
    - target: {fileID: 6215844898393355620, guid: 0a2f11d5306e1dc41be60aad6759ff09,
        type: 3}
      propertyPath: m_LocalRotation.x
      value: 0.70710576
      objectReference: {fileID: 0}
    - target: {fileID: 6215844898393355620, guid: 0a2f11d5306e1dc41be60aad6759ff09,
        type: 3}
      propertyPath: m_LocalRotation.y
      value: -0
      objectReference: {fileID: 0}
    - target: {fileID: 6215844898393355620, guid: 0a2f11d5306e1dc41be60aad6759ff09,
        type: 3}
      propertyPath: m_LocalRotation.z
      value: -0
      objectReference: {fileID: 0}
    - target: {fileID: 6215844898393355620, guid: 0a2f11d5306e1dc41be60aad6759ff09,
        type: 3}
      propertyPath: m_LocalRotation.w
      value: 0.7071079
      objectReference: {fileID: 0}
    - target: {fileID: 6215844898393355620, guid: 0a2f11d5306e1dc41be60aad6759ff09,
        type: 3}
      propertyPath: m_RootOrder
      value: 8
      objectReference: {fileID: 0}
    - target: {fileID: 6215844898393355620, guid: 0a2f11d5306e1dc41be60aad6759ff09,
        type: 3}
      propertyPath: m_LocalEulerAnglesHint.x
      value: 90.00001
      objectReference: {fileID: 0}
    - target: {fileID: 6215844898393355620, guid: 0a2f11d5306e1dc41be60aad6759ff09,
        type: 3}
      propertyPath: m_LocalEulerAnglesHint.y
      value: 0
      objectReference: {fileID: 0}
    - target: {fileID: 6215844898393355620, guid: 0a2f11d5306e1dc41be60aad6759ff09,
        type: 3}
      propertyPath: m_LocalEulerAnglesHint.z
      value: 0
      objectReference: {fileID: 0}
    m_RemovedComponents: []
  m_SourcePrefab: {fileID: 100100000, guid: 0a2f11d5306e1dc41be60aad6759ff09, type: 3}
--- !u!4 &2682633085833434846 stripped
Transform:
  m_CorrespondingSourceObject: {fileID: 6215844898393355620, guid: 0a2f11d5306e1dc41be60aad6759ff09,
    type: 3}
  m_PrefabInstance: {fileID: 8320891331629491130}
  m_PrefabAsset: {fileID: 0}
