%YAML 1.1
%TAG !u! tag:unity3d.com,2011:
--- !u!64 &1400079988087684812
MeshCollider:
  m_ObjectHideFlags: 0
  m_CorrespondingSourceObject: {fileID: 0}
  m_PrefabInstance: {fileID: 0}
  m_PrefabAsset: {fileID: 0}
  m_GameObject: {fileID: 641941950283024321}
  m_Material: {fileID: 0}
  m_IsTrigger: 0
  m_Enabled: 1
  serializedVersion: 4
  m_Convex: 0
  m_CookingOptions: 30
  m_Mesh: {fileID: 1653585850618044178, guid: dd38d9d5bb8df4742bba126a47e93229, type: 3}
--- !u!64 &8302699607873457098
MeshCollider:
  m_ObjectHideFlags: 0
  m_CorrespondingSourceObject: {fileID: 0}
  m_PrefabInstance: {fileID: 0}
  m_PrefabAsset: {fileID: 0}
  m_GameObject: {fileID: 2786363500445441485}
  m_Material: {fileID: 0}
  m_IsTrigger: 0
  m_Enabled: 1
  serializedVersion: 4
  m_Convex: 0
  m_CookingOptions: 30
  m_Mesh: {fileID: -3581004583625349834, guid: dd38d9d5bb8df4742bba126a47e93229, type: 3}
--- !u!64 &4247323550913814067
MeshCollider:
  m_ObjectHideFlags: 0
  m_CorrespondingSourceObject: {fileID: 0}
  m_PrefabInstance: {fileID: 0}
  m_PrefabAsset: {fileID: 0}
  m_GameObject: {fileID: 3445338439080615063}
  m_Material: {fileID: 0}
  m_IsTrigger: 0
  m_Enabled: 1
  serializedVersion: 4
  m_Convex: 0
  m_CookingOptions: 30
  m_Mesh: {fileID: 275486702694682855, guid: dd38d9d5bb8df4742bba126a47e93229, type: 3}
--- !u!64 &3117795644679561701
MeshCollider:
  m_ObjectHideFlags: 0
  m_CorrespondingSourceObject: {fileID: 0}
  m_PrefabInstance: {fileID: 0}
  m_PrefabAsset: {fileID: 0}
  m_GameObject: {fileID: 4003285131146762915}
  m_Material: {fileID: 0}
  m_IsTrigger: 0
  m_Enabled: 1
  serializedVersion: 4
  m_Convex: 0
  m_CookingOptions: 30
  m_Mesh: {fileID: -6881049121280606705, guid: dd38d9d5bb8df4742bba126a47e93229, type: 3}
--- !u!1 &5111739678830544143
GameObject:
  m_ObjectHideFlags: 0
  m_CorrespondingSourceObject: {fileID: 0}
  m_PrefabInstance: {fileID: 0}
  m_PrefabAsset: {fileID: 0}
  serializedVersion: 6
  m_Component:
  - component: {fileID: 7993680870208781692}
  - component: {fileID: 7958455906784932615}
  m_Layer: 0
  m_Name: Point Light
  m_TagString: Untagged
  m_Icon: {fileID: 0}
  m_NavMeshLayer: 0
  m_StaticEditorFlags: 0
  m_IsActive: 1
--- !u!4 &7993680870208781692
Transform:
  m_ObjectHideFlags: 0
  m_CorrespondingSourceObject: {fileID: 0}
  m_PrefabInstance: {fileID: 0}
  m_PrefabAsset: {fileID: 0}
  m_GameObject: {fileID: 5111739678830544143}
  m_LocalRotation: {x: 0, y: 0, z: 0, w: 1}
  m_LocalPosition: {x: 0, y: 1.75, z: 0}
  m_LocalScale: {x: 1, y: 1, z: 1}
  m_Children: []
  m_Father: {fileID: 1993428388109178169}
  m_RootOrder: 1
  m_LocalEulerAnglesHint: {x: 0, y: 0, z: 0}
--- !u!108 &7958455906784932615
Light:
  m_ObjectHideFlags: 0
  m_CorrespondingSourceObject: {fileID: 0}
  m_PrefabInstance: {fileID: 0}
  m_PrefabAsset: {fileID: 0}
  m_GameObject: {fileID: 5111739678830544143}
  m_Enabled: 1
  serializedVersion: 10
  m_Type: 2
  m_Shape: 0
  m_Color: {r: 1, g: 1, b: 1, a: 1}
  m_Intensity: 1
  m_Range: 10
  m_SpotAngle: 30
  m_InnerSpotAngle: 21.80208
  m_CookieSize: 10
  m_Shadows:
    m_Type: 0
    m_Resolution: -1
    m_CustomResolution: -1
    m_Strength: 1
    m_Bias: 0.05
    m_NormalBias: 0.4
    m_NearPlane: 0.2
    m_CullingMatrixOverride:
      e00: 1
      e01: 0
      e02: 0
      e03: 0
      e10: 0
      e11: 1
      e12: 0
      e13: 0
      e20: 0
      e21: 0
      e22: 1
      e23: 0
      e30: 0
      e31: 0
      e32: 0
      e33: 1
    m_UseCullingMatrixOverride: 0
  m_Cookie: {fileID: 0}
  m_DrawHalo: 0
  m_Flare: {fileID: 0}
  m_RenderMode: 0
  m_CullingMask:
    serializedVersion: 2
    m_Bits: 4294967295
  m_RenderingLayerMask: 1
  m_Lightmapping: 4
  m_LightShadowCasterMode: 0
  m_AreaSize: {x: 1, y: 1}
  m_BounceIntensity: 0
  m_ColorTemperature: 6570
  m_UseColorTemperature: 0
  m_BoundingSphereOverride: {x: 0, y: 0, z: 0, w: 0}
  m_UseBoundingSphereOverride: 0
  m_ShadowRadius: 0
  m_ShadowAngle: 0
--- !u!64 &9114923058260141791
MeshCollider:
  m_ObjectHideFlags: 0
  m_CorrespondingSourceObject: {fileID: 0}
  m_PrefabInstance: {fileID: 0}
  m_PrefabAsset: {fileID: 0}
  m_GameObject: {fileID: 5453648406704659558}
  m_Material: {fileID: 0}
  m_IsTrigger: 0
  m_Enabled: 1
  serializedVersion: 4
  m_Convex: 0
  m_CookingOptions: 30
  m_Mesh: {fileID: -8261333681702958031, guid: dd38d9d5bb8df4742bba126a47e93229, type: 3}
--- !u!64 &7950217820916884708
MeshCollider:
  m_ObjectHideFlags: 0
  m_CorrespondingSourceObject: {fileID: 0}
  m_PrefabInstance: {fileID: 0}
  m_PrefabAsset: {fileID: 0}
  m_GameObject: {fileID: 5591338267104171058}
  m_Material: {fileID: 0}
  m_IsTrigger: 0
  m_Enabled: 1
  serializedVersion: 4
  m_Convex: 0
  m_CookingOptions: 30
  m_Mesh: {fileID: -953867856635260017, guid: dd38d9d5bb8df4742bba126a47e93229, type: 3}
--- !u!64 &8302053431283263651
MeshCollider:
  m_ObjectHideFlags: 0
  m_CorrespondingSourceObject: {fileID: 0}
  m_PrefabInstance: {fileID: 0}
  m_PrefabAsset: {fileID: 0}
  m_GameObject: {fileID: 5635466567628182696}
  m_Material: {fileID: 0}
  m_IsTrigger: 0
  m_Enabled: 1
  serializedVersion: 4
  m_Convex: 0
  m_CookingOptions: 30
  m_Mesh: {fileID: 7529120131637518267, guid: dd38d9d5bb8df4742bba126a47e93229, type: 3}
--- !u!1 &7602004695665162457
GameObject:
  m_ObjectHideFlags: 0
  m_CorrespondingSourceObject: {fileID: 0}
  m_PrefabInstance: {fileID: 0}
  m_PrefabAsset: {fileID: 0}
  serializedVersion: 6
  m_Component:
  - component: {fileID: 1993428388109178169}
  m_Layer: 0
  m_Name: tile_facility_ramp_zigzag_02
  m_TagString: Untagged
  m_Icon: {fileID: 0}
  m_NavMeshLayer: 0
  m_StaticEditorFlags: 0
  m_IsActive: 1
--- !u!4 &1993428388109178169
Transform:
  m_ObjectHideFlags: 0
  m_CorrespondingSourceObject: {fileID: 0}
  m_PrefabInstance: {fileID: 0}
  m_PrefabAsset: {fileID: 0}
  m_GameObject: {fileID: 7602004695665162457}
  m_LocalRotation: {x: 0, y: 0, z: 0, w: 1}
  m_LocalPosition: {x: 0, y: 0, z: 0}
  m_LocalScale: {x: -1, y: 1, z: 1}
  m_Children:
  - {fileID: 9164261895648892809}
  - {fileID: 7993680870208781692}
  - {fileID: 8479542751049745020}
  - {fileID: 4944613296752046516}
  - {fileID: 3640230788521760191}
  - {fileID: 1851068678529304514}
  - {fileID: 1889713486341241767}
  - {fileID: 4968662465265210638}
  - {fileID: 516455846017032603}
  - {fileID: 5524808706779532370}
  - {fileID: 2722877436607986443}
  m_Father: {fileID: 0}
  m_RootOrder: 0
  m_LocalEulerAnglesHint: {x: 0, y: 0, z: 0}
--- !u!64 &638868202764771764
MeshCollider:
  m_ObjectHideFlags: 0
  m_CorrespondingSourceObject: {fileID: 0}
  m_PrefabInstance: {fileID: 0}
  m_PrefabAsset: {fileID: 0}
  m_GameObject: {fileID: 7723544882541847961}
  m_Material: {fileID: 0}
  m_IsTrigger: 0
  m_Enabled: 1
  serializedVersion: 4
  m_Convex: 0
  m_CookingOptions: 30
  m_Mesh: {fileID: 1630326586373206773, guid: dd38d9d5bb8df4742bba126a47e93229, type: 3}
--- !u!1001 &547499169225898044
PrefabInstance:
  m_ObjectHideFlags: 0
  serializedVersion: 2
  m_Modification:
    m_TransformParent: {fileID: 1993428388109178169}
    m_Modifications:
    - target: {fileID: 3827401120674770307, guid: 04ce9c606333b674381deb48f233a277,
        type: 3}
      propertyPath: m_LocalPosition.x
      value: -4
      objectReference: {fileID: 0}
    - target: {fileID: 3827401120674770307, guid: 04ce9c606333b674381deb48f233a277,
        type: 3}
      propertyPath: m_LocalPosition.y
      value: 4
      objectReference: {fileID: 0}
    - target: {fileID: 3827401120674770307, guid: 04ce9c606333b674381deb48f233a277,
        type: 3}
      propertyPath: m_LocalPosition.z
      value: -12
      objectReference: {fileID: 0}
    - target: {fileID: 3827401120674770307, guid: 04ce9c606333b674381deb48f233a277,
        type: 3}
      propertyPath: m_LocalRotation.x
      value: -0
      objectReference: {fileID: 0}
    - target: {fileID: 3827401120674770307, guid: 04ce9c606333b674381deb48f233a277,
        type: 3}
      propertyPath: m_LocalRotation.y
      value: 1
      objectReference: {fileID: 0}
    - target: {fileID: 3827401120674770307, guid: 04ce9c606333b674381deb48f233a277,
        type: 3}
      propertyPath: m_LocalRotation.z
      value: 0
      objectReference: {fileID: 0}
    - target: {fileID: 3827401120674770307, guid: 04ce9c606333b674381deb48f233a277,
        type: 3}
      propertyPath: m_LocalRotation.w
      value: -0.00000032782552
      objectReference: {fileID: 0}
    - target: {fileID: 3827401120674770307, guid: 04ce9c606333b674381deb48f233a277,
        type: 3}
      propertyPath: m_RootOrder
      value: 4
      objectReference: {fileID: 0}
    - target: {fileID: 3827401120674770307, guid: 04ce9c606333b674381deb48f233a277,
        type: 3}
      propertyPath: m_LocalEulerAnglesHint.x
      value: 0
      objectReference: {fileID: 0}
    - target: {fileID: 3827401120674770307, guid: 04ce9c606333b674381deb48f233a277,
        type: 3}
      propertyPath: m_LocalEulerAnglesHint.y
      value: 179.99998
      objectReference: {fileID: 0}
    - target: {fileID: 3827401120674770307, guid: 04ce9c606333b674381deb48f233a277,
        type: 3}
      propertyPath: m_LocalEulerAnglesHint.z
      value: 0
      objectReference: {fileID: 0}
    - target: {fileID: 8935671478945291720, guid: 04ce9c606333b674381deb48f233a277,
        type: 3}
      propertyPath: m_Name
      value: Pathway (1)
      objectReference: {fileID: 0}
    m_RemovedComponents: []
  m_SourcePrefab: {fileID: 100100000, guid: 04ce9c606333b674381deb48f233a277, type: 3}
--- !u!4 &3640230788521760191 stripped
Transform:
  m_CorrespondingSourceObject: {fileID: 3827401120674770307, guid: 04ce9c606333b674381deb48f233a277,
    type: 3}
  m_PrefabInstance: {fileID: 547499169225898044}
  m_PrefabAsset: {fileID: 0}
--- !u!114 &2480946012453722807 stripped
MonoBehaviour:
  m_CorrespondingSourceObject: {fileID: 2735669416405377675, guid: 04ce9c606333b674381deb48f233a277,
    type: 3}
  m_PrefabInstance: {fileID: 547499169225898044}
  m_PrefabAsset: {fileID: 0}
  m_GameObject: {fileID: 0}
  m_Enabled: 1
  m_EditorHideFlags: 0
  m_Script: {fileID: 11500000, guid: dd60658e6871a844788f7768b8dd9a51, type: 3}
  m_Name: 
  m_EditorClassIdentifier: 
--- !u!1001 &1899830656092228012
PrefabInstance:
  m_ObjectHideFlags: 0
  serializedVersion: 2
  m_Modification:
    m_TransformParent: {fileID: 1993428388109178169}
    m_Modifications:
    - target: {fileID: 1022990679714526580, guid: 7e33b29b50794b84a89f347504a9b0fb,
        type: 3}
      propertyPath: m_Materials.Array.data[0]
      value: 
      objectReference: {fileID: 2100000, guid: 7725755431bb1a34da316215ae3f09f9, type: 2}
    - target: {fileID: 3543421499494661069, guid: 7e33b29b50794b84a89f347504a9b0fb,
        type: 3}
      propertyPath: m_Mesh
      value: 
      objectReference: {fileID: 0}
    - target: {fileID: 5797753535670321582, guid: 7e33b29b50794b84a89f347504a9b0fb,
        type: 3}
      propertyPath: m_Name
      value: dirt_overlay
      objectReference: {fileID: 0}
    - target: {fileID: 6264962095848228350, guid: 7e33b29b50794b84a89f347504a9b0fb,
        type: 3}
      propertyPath: m_LocalPosition.x
      value: 7
      objectReference: {fileID: 0}
    - target: {fileID: 6264962095848228350, guid: 7e33b29b50794b84a89f347504a9b0fb,
        type: 3}
      propertyPath: m_LocalPosition.y
      value: -3
      objectReference: {fileID: 0}
    - target: {fileID: 6264962095848228350, guid: 7e33b29b50794b84a89f347504a9b0fb,
        type: 3}
      propertyPath: m_LocalPosition.z
      value: -2.95
      objectReference: {fileID: 0}
    - target: {fileID: 6264962095848228350, guid: 7e33b29b50794b84a89f347504a9b0fb,
        type: 3}
      propertyPath: m_LocalRotation.x
      value: -0.00000027462477
      objectReference: {fileID: 0}
    - target: {fileID: 6264962095848228350, guid: 7e33b29b50794b84a89f347504a9b0fb,
        type: 3}
      propertyPath: m_LocalRotation.y
      value: 0.70710677
      objectReference: {fileID: 0}
    - target: {fileID: 6264962095848228350, guid: 7e33b29b50794b84a89f347504a9b0fb,
        type: 3}
      propertyPath: m_LocalRotation.z
      value: 0.7071068
      objectReference: {fileID: 0}
    - target: {fileID: 6264962095848228350, guid: 7e33b29b50794b84a89f347504a9b0fb,
        type: 3}
      propertyPath: m_LocalRotation.w
      value: 0.00000040978193
      objectReference: {fileID: 0}
    - target: {fileID: 6264962095848228350, guid: 7e33b29b50794b84a89f347504a9b0fb,
        type: 3}
      propertyPath: m_RootOrder
      value: 9
      objectReference: {fileID: 0}
    - target: {fileID: 6264962095848228350, guid: 7e33b29b50794b84a89f347504a9b0fb,
        type: 3}
      propertyPath: m_LocalEulerAnglesHint.x
      value: -90
      objectReference: {fileID: 0}
    - target: {fileID: 6264962095848228350, guid: 7e33b29b50794b84a89f347504a9b0fb,
        type: 3}
      propertyPath: m_LocalEulerAnglesHint.y
      value: 0
      objectReference: {fileID: 0}
    - target: {fileID: 6264962095848228350, guid: 7e33b29b50794b84a89f347504a9b0fb,
        type: 3}
      propertyPath: m_LocalEulerAnglesHint.z
      value: 180
      objectReference: {fileID: 0}
    - target: {fileID: 6435000119060639784, guid: 7e33b29b50794b84a89f347504a9b0fb,
        type: 3}
      propertyPath: m_Mesh
      value: 
      objectReference: {fileID: 0}
    - target: {fileID: 8237994845959693084, guid: 7e33b29b50794b84a89f347504a9b0fb,
        type: 3}
      propertyPath: m_Mesh
      value: 
      objectReference: {fileID: 0}
    m_RemovedComponents: []
  m_SourcePrefab: {fileID: 100100000, guid: 7e33b29b50794b84a89f347504a9b0fb, type: 3}
--- !u!4 &5524808706779532370 stripped
Transform:
  m_CorrespondingSourceObject: {fileID: 6264962095848228350, guid: 7e33b29b50794b84a89f347504a9b0fb,
    type: 3}
  m_PrefabInstance: {fileID: 1899830656092228012}
  m_PrefabAsset: {fileID: 0}
--- !u!1001 &2010120242890011094
PrefabInstance:
  m_ObjectHideFlags: 0
  serializedVersion: 2
  m_Modification:
    m_TransformParent: {fileID: 1993428388109178169}
    m_Modifications:
    - target: {fileID: 4480231912345307869, guid: c33297519c0d805438c529b352700753,
        type: 3}
      propertyPath: m_LocalPosition.x
      value: 4
      objectReference: {fileID: 0}
    - target: {fileID: 4480231912345307869, guid: c33297519c0d805438c529b352700753,
        type: 3}
      propertyPath: m_LocalPosition.y
      value: 0
      objectReference: {fileID: 0}
    - target: {fileID: 4480231912345307869, guid: c33297519c0d805438c529b352700753,
        type: 3}
      propertyPath: m_LocalPosition.z
      value: 3.5
      objectReference: {fileID: 0}
    - target: {fileID: 4480231912345307869, guid: c33297519c0d805438c529b352700753,
        type: 3}
      propertyPath: m_LocalRotation.x
      value: -0
      objectReference: {fileID: 0}
    - target: {fileID: 4480231912345307869, guid: c33297519c0d805438c529b352700753,
        type: 3}
      propertyPath: m_LocalRotation.y
      value: 0.70710576
      objectReference: {fileID: 0}
    - target: {fileID: 4480231912345307869, guid: c33297519c0d805438c529b352700753,
        type: 3}
      propertyPath: m_LocalRotation.z
      value: 0
      objectReference: {fileID: 0}
    - target: {fileID: 4480231912345307869, guid: c33297519c0d805438c529b352700753,
        type: 3}
      propertyPath: m_LocalRotation.w
      value: 0.70710784
      objectReference: {fileID: 0}
    - target: {fileID: 4480231912345307869, guid: c33297519c0d805438c529b352700753,
        type: 3}
      propertyPath: m_RootOrder
      value: 10
      objectReference: {fileID: 0}
    - target: {fileID: 4480231912345307869, guid: c33297519c0d805438c529b352700753,
        type: 3}
      propertyPath: m_LocalEulerAnglesHint.x
      value: 0
      objectReference: {fileID: 0}
    - target: {fileID: 4480231912345307869, guid: c33297519c0d805438c529b352700753,
        type: 3}
      propertyPath: m_LocalEulerAnglesHint.y
      value: 90
      objectReference: {fileID: 0}
    - target: {fileID: 4480231912345307869, guid: c33297519c0d805438c529b352700753,
        type: 3}
      propertyPath: m_LocalEulerAnglesHint.z
      value: 0
      objectReference: {fileID: 0}
    - target: {fileID: 5691523600005697621, guid: c33297519c0d805438c529b352700753,
        type: 3}
      propertyPath: m_Name
      value: tile_facility_door_frame
      objectReference: {fileID: 0}
    m_RemovedComponents: []
  m_SourcePrefab: {fileID: 100100000, guid: c33297519c0d805438c529b352700753, type: 3}
--- !u!4 &2722877436607986443 stripped
Transform:
  m_CorrespondingSourceObject: {fileID: 4480231912345307869, guid: c33297519c0d805438c529b352700753,
    type: 3}
  m_PrefabInstance: {fileID: 2010120242890011094}
  m_PrefabAsset: {fileID: 0}
--- !u!1001 &2959852340552660556
PrefabInstance:
  m_ObjectHideFlags: 0
  serializedVersion: 2
  m_Modification:
    m_TransformParent: {fileID: 1993428388109178169}
    m_Modifications:
    - target: {fileID: 1603132534308458364, guid: 752c1c27d23eb6a47aeaac9304a7b7f8,
        type: 3}
      propertyPath: m_Name
      value: deco_pipe_connector_L
      objectReference: {fileID: 0}
    - target: {fileID: 7919507559244686146, guid: 752c1c27d23eb6a47aeaac9304a7b7f8,
        type: 3}
      propertyPath: m_LocalPosition.x
      value: 1
      objectReference: {fileID: 0}
    - target: {fileID: 7919507559244686146, guid: 752c1c27d23eb6a47aeaac9304a7b7f8,
        type: 3}
      propertyPath: m_LocalPosition.y
      value: 2.5
      objectReference: {fileID: 0}
    - target: {fileID: 7919507559244686146, guid: 752c1c27d23eb6a47aeaac9304a7b7f8,
        type: 3}
      propertyPath: m_LocalPosition.z
      value: -2.5
      objectReference: {fileID: 0}
    - target: {fileID: 7919507559244686146, guid: 752c1c27d23eb6a47aeaac9304a7b7f8,
        type: 3}
      propertyPath: m_LocalRotation.x
      value: -0
      objectReference: {fileID: 0}
    - target: {fileID: 7919507559244686146, guid: 752c1c27d23eb6a47aeaac9304a7b7f8,
        type: 3}
      propertyPath: m_LocalRotation.y
      value: -0.70710576
      objectReference: {fileID: 0}
    - target: {fileID: 7919507559244686146, guid: 752c1c27d23eb6a47aeaac9304a7b7f8,
        type: 3}
      propertyPath: m_LocalRotation.z
      value: -0
      objectReference: {fileID: 0}
    - target: {fileID: 7919507559244686146, guid: 752c1c27d23eb6a47aeaac9304a7b7f8,
        type: 3}
      propertyPath: m_LocalRotation.w
      value: 0.70710784
      objectReference: {fileID: 0}
    - target: {fileID: 7919507559244686146, guid: 752c1c27d23eb6a47aeaac9304a7b7f8,
        type: 3}
      propertyPath: m_RootOrder
      value: 7
      objectReference: {fileID: 0}
    - target: {fileID: 7919507559244686146, guid: 752c1c27d23eb6a47aeaac9304a7b7f8,
        type: 3}
      propertyPath: m_LocalEulerAnglesHint.x
      value: 0
      objectReference: {fileID: 0}
    - target: {fileID: 7919507559244686146, guid: 752c1c27d23eb6a47aeaac9304a7b7f8,
        type: 3}
      propertyPath: m_LocalEulerAnglesHint.y
      value: -90.00001
      objectReference: {fileID: 0}
    - target: {fileID: 7919507559244686146, guid: 752c1c27d23eb6a47aeaac9304a7b7f8,
        type: 3}
      propertyPath: m_LocalEulerAnglesHint.z
      value: 0
      objectReference: {fileID: 0}
    m_RemovedComponents: []
  m_SourcePrefab: {fileID: 100100000, guid: 752c1c27d23eb6a47aeaac9304a7b7f8, type: 3}
--- !u!4 &4968662465265210638 stripped
Transform:
  m_CorrespondingSourceObject: {fileID: 7919507559244686146, guid: 752c1c27d23eb6a47aeaac9304a7b7f8,
    type: 3}
  m_PrefabInstance: {fileID: 2959852340552660556}
  m_PrefabAsset: {fileID: 0}
--- !u!1001 &3251179176652619190
PrefabInstance:
  m_ObjectHideFlags: 0
  serializedVersion: 2
  m_Modification:
    m_TransformParent: {fileID: 1993428388109178169}
    m_Modifications:
    - target: {fileID: 487243255437973317, guid: 740648b0b996ba148a76e0d9b869fb16,
        type: 3}
      propertyPath: m_Size.x
      value: 16
      objectReference: {fileID: 0}
    - target: {fileID: 487243255437973317, guid: 740648b0b996ba148a76e0d9b869fb16,
        type: 3}
      propertyPath: m_Size.y
      value: 16
      objectReference: {fileID: 0}
    - target: {fileID: 487243255437973317, guid: 740648b0b996ba148a76e0d9b869fb16,
        type: 3}
      propertyPath: m_Size.z
      value: 24
      objectReference: {fileID: 0}
    - target: {fileID: 1417693665624029033, guid: 740648b0b996ba148a76e0d9b869fb16,
        type: 3}
      propertyPath: m_Name
      value: Area Data
      objectReference: {fileID: 0}
    - target: {fileID: 4268913019039595364, guid: 740648b0b996ba148a76e0d9b869fb16,
        type: 3}
      propertyPath: pathWays.Array.size
      value: 2
      objectReference: {fileID: 0}
    - target: {fileID: 4268913019039595364, guid: 740648b0b996ba148a76e0d9b869fb16,
        type: 3}
      propertyPath: rootObj
      value: 
      objectReference: {fileID: 1993428388109178169}
    - target: {fileID: 4268913019039595364, guid: 740648b0b996ba148a76e0d9b869fb16,
        type: 3}
      propertyPath: pathWays.Array.data[0]
      value: 
      objectReference: {fileID: 6085610243309076156}
    - target: {fileID: 4268913019039595364, guid: 740648b0b996ba148a76e0d9b869fb16,
        type: 3}
      propertyPath: pathWays.Array.data[1]
      value: 
      objectReference: {fileID: 2480946012453722807}
    - target: {fileID: 6391699724059656138, guid: 740648b0b996ba148a76e0d9b869fb16,
        type: 3}
      propertyPath: m_LocalPosition.x
      value: 0
      objectReference: {fileID: 0}
    - target: {fileID: 6391699724059656138, guid: 740648b0b996ba148a76e0d9b869fb16,
        type: 3}
      propertyPath: m_LocalPosition.y
      value: 0
      objectReference: {fileID: 0}
    - target: {fileID: 6391699724059656138, guid: 740648b0b996ba148a76e0d9b869fb16,
        type: 3}
      propertyPath: m_LocalPosition.z
      value: 0
      objectReference: {fileID: 0}
    - target: {fileID: 6391699724059656138, guid: 740648b0b996ba148a76e0d9b869fb16,
        type: 3}
      propertyPath: m_LocalRotation.x
      value: -0
      objectReference: {fileID: 0}
    - target: {fileID: 6391699724059656138, guid: 740648b0b996ba148a76e0d9b869fb16,
        type: 3}
      propertyPath: m_LocalRotation.y
      value: -0
      objectReference: {fileID: 0}
    - target: {fileID: 6391699724059656138, guid: 740648b0b996ba148a76e0d9b869fb16,
        type: 3}
      propertyPath: m_LocalRotation.z
      value: -0
      objectReference: {fileID: 0}
    - target: {fileID: 6391699724059656138, guid: 740648b0b996ba148a76e0d9b869fb16,
        type: 3}
      propertyPath: m_LocalRotation.w
      value: 1
      objectReference: {fileID: 0}
    - target: {fileID: 6391699724059656138, guid: 740648b0b996ba148a76e0d9b869fb16,
        type: 3}
      propertyPath: m_RootOrder
      value: 2
      objectReference: {fileID: 0}
    - target: {fileID: 6391699724059656138, guid: 740648b0b996ba148a76e0d9b869fb16,
        type: 3}
      propertyPath: m_LocalEulerAnglesHint.x
      value: 0
      objectReference: {fileID: 0}
    - target: {fileID: 6391699724059656138, guid: 740648b0b996ba148a76e0d9b869fb16,
        type: 3}
      propertyPath: m_LocalEulerAnglesHint.y
      value: 0
      objectReference: {fileID: 0}
    - target: {fileID: 6391699724059656138, guid: 740648b0b996ba148a76e0d9b869fb16,
        type: 3}
      propertyPath: m_LocalEulerAnglesHint.z
      value: 0
      objectReference: {fileID: 0}
    m_RemovedComponents: []
  m_SourcePrefab: {fileID: 100100000, guid: 740648b0b996ba148a76e0d9b869fb16, type: 3}
--- !u!4 &8479542751049745020 stripped
Transform:
  m_CorrespondingSourceObject: {fileID: 6391699724059656138, guid: 740648b0b996ba148a76e0d9b869fb16,
    type: 3}
  m_PrefabInstance: {fileID: 3251179176652619190}
  m_PrefabAsset: {fileID: 0}
--- !u!1001 &3948266663148520279
PrefabInstance:
  m_ObjectHideFlags: 0
  serializedVersion: 2
  m_Modification:
    m_TransformParent: {fileID: 1993428388109178169}
    m_Modifications:
    - target: {fileID: 3421432501886469269, guid: 99c050f458fc7f94f892c1305e936f5a,
        type: 3}
      propertyPath: m_LocalPosition.x
      value: 0
      objectReference: {fileID: 0}
    - target: {fileID: 3421432501886469269, guid: 99c050f458fc7f94f892c1305e936f5a,
        type: 3}
      propertyPath: m_LocalPosition.y
      value: 3
      objectReference: {fileID: 0}
    - target: {fileID: 3421432501886469269, guid: 99c050f458fc7f94f892c1305e936f5a,
        type: 3}
      propertyPath: m_LocalPosition.z
      value: -0
      objectReference: {fileID: 0}
    - target: {fileID: 3421432501886469269, guid: 99c050f458fc7f94f892c1305e936f5a,
        type: 3}
      propertyPath: m_LocalRotation.x
      value: -0
      objectReference: {fileID: 0}
    - target: {fileID: 3421432501886469269, guid: 99c050f458fc7f94f892c1305e936f5a,
        type: 3}
      propertyPath: m_LocalRotation.y
      value: -0
      objectReference: {fileID: 0}
    - target: {fileID: 3421432501886469269, guid: 99c050f458fc7f94f892c1305e936f5a,
        type: 3}
      propertyPath: m_LocalRotation.z
      value: -0
      objectReference: {fileID: 0}
    - target: {fileID: 3421432501886469269, guid: 99c050f458fc7f94f892c1305e936f5a,
        type: 3}
      propertyPath: m_LocalRotation.w
      value: 1
      objectReference: {fileID: 0}
    - target: {fileID: 3421432501886469269, guid: 99c050f458fc7f94f892c1305e936f5a,
        type: 3}
      propertyPath: m_RootOrder
      value: 5
      objectReference: {fileID: 0}
    - target: {fileID: 3421432501886469269, guid: 99c050f458fc7f94f892c1305e936f5a,
        type: 3}
      propertyPath: m_LocalEulerAnglesHint.x
      value: 0
      objectReference: {fileID: 0}
    - target: {fileID: 3421432501886469269, guid: 99c050f458fc7f94f892c1305e936f5a,
        type: 3}
      propertyPath: m_LocalEulerAnglesHint.y
      value: 0
      objectReference: {fileID: 0}
    - target: {fileID: 3421432501886469269, guid: 99c050f458fc7f94f892c1305e936f5a,
        type: 3}
      propertyPath: m_LocalEulerAnglesHint.z
      value: 0
      objectReference: {fileID: 0}
    - target: {fileID: 7943416620896577185, guid: 99c050f458fc7f94f892c1305e936f5a,
        type: 3}
      propertyPath: m_Name
      value: deco_light_long
      objectReference: {fileID: 0}
    m_RemovedComponents: []
  m_SourcePrefab: {fileID: 100100000, guid: 99c050f458fc7f94f892c1305e936f5a, type: 3}
--- !u!4 &1851068678529304514 stripped
Transform:
  m_CorrespondingSourceObject: {fileID: 3421432501886469269, guid: 99c050f458fc7f94f892c1305e936f5a,
    type: 3}
  m_PrefabInstance: {fileID: 3948266663148520279}
  m_PrefabAsset: {fileID: 0}
--- !u!1001 &5390961354208626061
PrefabInstance:
  m_ObjectHideFlags: 0
  serializedVersion: 2
  m_Modification:
    m_TransformParent: {fileID: 1993428388109178169}
    m_Modifications:
    - target: {fileID: 5830216126433639978, guid: 9c0808d6507b48d4c83e960deb4e6789,
        type: 3}
      propertyPath: m_LocalPosition.x
      value: 7
      objectReference: {fileID: 0}
    - target: {fileID: 5830216126433639978, guid: 9c0808d6507b48d4c83e960deb4e6789,
        type: 3}
      propertyPath: m_LocalPosition.y
      value: 2.5
      objectReference: {fileID: 0}
    - target: {fileID: 5830216126433639978, guid: 9c0808d6507b48d4c83e960deb4e6789,
        type: 3}
      propertyPath: m_LocalPosition.z
      value: -2.5
      objectReference: {fileID: 0}
    - target: {fileID: 5830216126433639978, guid: 9c0808d6507b48d4c83e960deb4e6789,
        type: 3}
      propertyPath: m_LocalRotation.x
      value: -0
      objectReference: {fileID: 0}
    - target: {fileID: 5830216126433639978, guid: 9c0808d6507b48d4c83e960deb4e6789,
        type: 3}
      propertyPath: m_LocalRotation.y
      value: -0.70710576
      objectReference: {fileID: 0}
    - target: {fileID: 5830216126433639978, guid: 9c0808d6507b48d4c83e960deb4e6789,
        type: 3}
      propertyPath: m_LocalRotation.z
      value: -0
      objectReference: {fileID: 0}
    - target: {fileID: 5830216126433639978, guid: 9c0808d6507b48d4c83e960deb4e6789,
        type: 3}
      propertyPath: m_LocalRotation.w
      value: 0.7071079
      objectReference: {fileID: 0}
    - target: {fileID: 5830216126433639978, guid: 9c0808d6507b48d4c83e960deb4e6789,
        type: 3}
      propertyPath: m_RootOrder
      value: 6
      objectReference: {fileID: 0}
    - target: {fileID: 5830216126433639978, guid: 9c0808d6507b48d4c83e960deb4e6789,
        type: 3}
      propertyPath: m_LocalEulerAnglesHint.x
      value: 0
      objectReference: {fileID: 0}
    - target: {fileID: 5830216126433639978, guid: 9c0808d6507b48d4c83e960deb4e6789,
        type: 3}
      propertyPath: m_LocalEulerAnglesHint.y
      value: -90.00001
      objectReference: {fileID: 0}
    - target: {fileID: 5830216126433639978, guid: 9c0808d6507b48d4c83e960deb4e6789,
        type: 3}
      propertyPath: m_LocalEulerAnglesHint.z
      value: 0
      objectReference: {fileID: 0}
    - target: {fileID: 8897680095684886654, guid: 9c0808d6507b48d4c83e960deb4e6789,
        type: 3}
      propertyPath: m_Name
      value: deco_pipe_long
      objectReference: {fileID: 0}
    m_RemovedComponents: []
  m_SourcePrefab: {fileID: 100100000, guid: 9c0808d6507b48d4c83e960deb4e6789, type: 3}
--- !u!4 &1889713486341241767 stripped
Transform:
  m_CorrespondingSourceObject: {fileID: 5830216126433639978, guid: 9c0808d6507b48d4c83e960deb4e6789,
    type: 3}
  m_PrefabInstance: {fileID: 5390961354208626061}
  m_PrefabAsset: {fileID: 0}
--- !u!1001 &6324117612851650481
PrefabInstance:
  m_ObjectHideFlags: 0
  serializedVersion: 2
  m_Modification:
    m_TransformParent: {fileID: 1993428388109178169}
    m_Modifications:
    - target: {fileID: 5830216126433639978, guid: 9c0808d6507b48d4c83e960deb4e6789,
        type: 3}
      propertyPath: m_LocalPosition.x
      value: 0
      objectReference: {fileID: 0}
    - target: {fileID: 5830216126433639978, guid: 9c0808d6507b48d4c83e960deb4e6789,
        type: 3}
      propertyPath: m_LocalPosition.y
      value: 1.5
      objectReference: {fileID: 0}
    - target: {fileID: 5830216126433639978, guid: 9c0808d6507b48d4c83e960deb4e6789,
        type: 3}
      propertyPath: m_LocalPosition.z
      value: -2.5
      objectReference: {fileID: 0}
    - target: {fileID: 5830216126433639978, guid: 9c0808d6507b48d4c83e960deb4e6789,
        type: 3}
      propertyPath: m_LocalRotation.x
      value: 0.49999854
      objectReference: {fileID: 0}
    - target: {fileID: 5830216126433639978, guid: 9c0808d6507b48d4c83e960deb4e6789,
        type: 3}
      propertyPath: m_LocalRotation.y
      value: -0.4999999
      objectReference: {fileID: 0}
    - target: {fileID: 5830216126433639978, guid: 9c0808d6507b48d4c83e960deb4e6789,
        type: 3}
      propertyPath: m_LocalRotation.z
      value: 0.5000001
      objectReference: {fileID: 0}
    - target: {fileID: 5830216126433639978, guid: 9c0808d6507b48d4c83e960deb4e6789,
        type: 3}
      propertyPath: m_LocalRotation.w
      value: 0.50000155
      objectReference: {fileID: 0}
    - target: {fileID: 5830216126433639978, guid: 9c0808d6507b48d4c83e960deb4e6789,
        type: 3}
      propertyPath: m_RootOrder
      value: 8
      objectReference: {fileID: 0}
    - target: {fileID: 5830216126433639978, guid: 9c0808d6507b48d4c83e960deb4e6789,
        type: 3}
      propertyPath: m_LocalEulerAnglesHint.x
      value: 90.00001
      objectReference: {fileID: 0}
    - target: {fileID: 5830216126433639978, guid: 9c0808d6507b48d4c83e960deb4e6789,
        type: 3}
      propertyPath: m_LocalEulerAnglesHint.y
      value: 0
      objectReference: {fileID: 0}
    - target: {fileID: 5830216126433639978, guid: 9c0808d6507b48d4c83e960deb4e6789,
        type: 3}
      propertyPath: m_LocalEulerAnglesHint.z
      value: 90.00001
      objectReference: {fileID: 0}
    - target: {fileID: 8897680095684886654, guid: 9c0808d6507b48d4c83e960deb4e6789,
        type: 3}
      propertyPath: m_Name
      value: deco_pipe_long (1)
      objectReference: {fileID: 0}
    m_RemovedComponents: []
  m_SourcePrefab: {fileID: 100100000, guid: 9c0808d6507b48d4c83e960deb4e6789, type: 3}
--- !u!4 &516455846017032603 stripped
Transform:
  m_CorrespondingSourceObject: {fileID: 5830216126433639978, guid: 9c0808d6507b48d4c83e960deb4e6789,
    type: 3}
  m_PrefabInstance: {fileID: 6324117612851650481}
  m_PrefabAsset: {fileID: 0}
--- !u!1001 &8179489731505314871
PrefabInstance:
  m_ObjectHideFlags: 0
  serializedVersion: 2
  m_Modification:
    m_TransformParent: {fileID: 1993428388109178169}
    m_Modifications:
    - target: {fileID: 3827401120674770307, guid: 04ce9c606333b674381deb48f233a277,
        type: 3}
      propertyPath: m_LocalPosition.x
      value: 4
      objectReference: {fileID: 0}
    - target: {fileID: 3827401120674770307, guid: 04ce9c606333b674381deb48f233a277,
        type: 3}
      propertyPath: m_LocalPosition.y
      value: -4
      objectReference: {fileID: 0}
    - target: {fileID: 3827401120674770307, guid: 04ce9c606333b674381deb48f233a277,
        type: 3}
      propertyPath: m_LocalPosition.z
      value: 12
      objectReference: {fileID: 0}
    - target: {fileID: 3827401120674770307, guid: 04ce9c606333b674381deb48f233a277,
        type: 3}
      propertyPath: m_LocalRotation.x
      value: 0
      objectReference: {fileID: 0}
    - target: {fileID: 3827401120674770307, guid: 04ce9c606333b674381deb48f233a277,
        type: 3}
      propertyPath: m_LocalRotation.y
      value: 0
      objectReference: {fileID: 0}
    - target: {fileID: 3827401120674770307, guid: 04ce9c606333b674381deb48f233a277,
        type: 3}
      propertyPath: m_LocalRotation.z
      value: 0
      objectReference: {fileID: 0}
    - target: {fileID: 3827401120674770307, guid: 04ce9c606333b674381deb48f233a277,
        type: 3}
      propertyPath: m_LocalRotation.w
      value: 1
      objectReference: {fileID: 0}
    - target: {fileID: 3827401120674770307, guid: 04ce9c606333b674381deb48f233a277,
        type: 3}
      propertyPath: m_RootOrder
      value: 3
      objectReference: {fileID: 0}
    - target: {fileID: 3827401120674770307, guid: 04ce9c606333b674381deb48f233a277,
        type: 3}
      propertyPath: m_LocalEulerAnglesHint.x
      value: 0
      objectReference: {fileID: 0}
    - target: {fileID: 3827401120674770307, guid: 04ce9c606333b674381deb48f233a277,
        type: 3}
      propertyPath: m_LocalEulerAnglesHint.y
      value: 0
      objectReference: {fileID: 0}
    - target: {fileID: 3827401120674770307, guid: 04ce9c606333b674381deb48f233a277,
        type: 3}
      propertyPath: m_LocalEulerAnglesHint.z
      value: 0
      objectReference: {fileID: 0}
    - target: {fileID: 8935671478945291720, guid: 04ce9c606333b674381deb48f233a277,
        type: 3}
      propertyPath: m_Name
      value: Pathway
      objectReference: {fileID: 0}
    m_RemovedComponents: []
  m_SourcePrefab: {fileID: 100100000, guid: 04ce9c606333b674381deb48f233a277, type: 3}
--- !u!4 &4944613296752046516 stripped
Transform:
  m_CorrespondingSourceObject: {fileID: 3827401120674770307, guid: 04ce9c606333b674381deb48f233a277,
    type: 3}
  m_PrefabInstance: {fileID: 8179489731505314871}
  m_PrefabAsset: {fileID: 0}
--- !u!114 &6085610243309076156 stripped
MonoBehaviour:
  m_CorrespondingSourceObject: {fileID: 2735669416405377675, guid: 04ce9c606333b674381deb48f233a277,
    type: 3}
  m_PrefabInstance: {fileID: 8179489731505314871}
  m_PrefabAsset: {fileID: 0}
  m_GameObject: {fileID: 0}
  m_Enabled: 1
  m_EditorHideFlags: 0
  m_Script: {fileID: 11500000, guid: dd60658e6871a844788f7768b8dd9a51, type: 3}
  m_Name: 
  m_EditorClassIdentifier: 
--- !u!1001 &8693995528053174370
PrefabInstance:
  m_ObjectHideFlags: 0
  serializedVersion: 2
  m_Modification:
    m_TransformParent: {fileID: 1993428388109178169}
    m_Modifications:
    - target: {fileID: -9159314051418274634, guid: dd38d9d5bb8df4742bba126a47e93229,
        type: 3}
      propertyPath: m_Materials.Array.data[0]
      value: 
      objectReference: {fileID: 2100000, guid: 80d77430ee374894b8b0e3d6b233bc93, type: 2}
    - target: {fileID: -9159314051418274634, guid: dd38d9d5bb8df4742bba126a47e93229,
        type: 3}
      propertyPath: m_CastShadows
      value: 2
      objectReference: {fileID: 0}
    - target: {fileID: -8679921383154817045, guid: dd38d9d5bb8df4742bba126a47e93229,
        type: 3}
      propertyPath: m_LocalPosition.x
      value: 0
      objectReference: {fileID: 0}
    - target: {fileID: -8679921383154817045, guid: dd38d9d5bb8df4742bba126a47e93229,
        type: 3}
      propertyPath: m_LocalPosition.y
      value: 0
      objectReference: {fileID: 0}
    - target: {fileID: -8679921383154817045, guid: dd38d9d5bb8df4742bba126a47e93229,
        type: 3}
      propertyPath: m_LocalPosition.z
      value: 0
      objectReference: {fileID: 0}
    - target: {fileID: -8679921383154817045, guid: dd38d9d5bb8df4742bba126a47e93229,
        type: 3}
      propertyPath: m_LocalRotation.x
      value: -0
      objectReference: {fileID: 0}
    - target: {fileID: -8679921383154817045, guid: dd38d9d5bb8df4742bba126a47e93229,
        type: 3}
      propertyPath: m_LocalRotation.y
      value: -0
      objectReference: {fileID: 0}
    - target: {fileID: -8679921383154817045, guid: dd38d9d5bb8df4742bba126a47e93229,
        type: 3}
      propertyPath: m_LocalRotation.z
      value: -0
      objectReference: {fileID: 0}
    - target: {fileID: -8679921383154817045, guid: dd38d9d5bb8df4742bba126a47e93229,
        type: 3}
      propertyPath: m_LocalRotation.w
      value: 1
      objectReference: {fileID: 0}
    - target: {fileID: -8679921383154817045, guid: dd38d9d5bb8df4742bba126a47e93229,
        type: 3}
      propertyPath: m_RootOrder
      value: 0
      objectReference: {fileID: 0}
    - target: {fileID: -8679921383154817045, guid: dd38d9d5bb8df4742bba126a47e93229,
        type: 3}
      propertyPath: m_LocalEulerAnglesHint.x
      value: 0
      objectReference: {fileID: 0}
    - target: {fileID: -8679921383154817045, guid: dd38d9d5bb8df4742bba126a47e93229,
        type: 3}
      propertyPath: m_LocalEulerAnglesHint.y
      value: 0
      objectReference: {fileID: 0}
    - target: {fileID: -8679921383154817045, guid: dd38d9d5bb8df4742bba126a47e93229,
        type: 3}
      propertyPath: m_LocalEulerAnglesHint.z
      value: 0
      objectReference: {fileID: 0}
    - target: {fileID: -8679921383154817045, guid: dd38d9d5bb8df4742bba126a47e93229,
        type: 3}
      propertyPath: m_LocalScale.x
      value: 1
      objectReference: {fileID: 0}
    - target: {fileID: -8260627125120282874, guid: dd38d9d5bb8df4742bba126a47e93229,
        type: 3}
      propertyPath: m_Materials.Array.data[0]
      value: 
      objectReference: {fileID: 2100000, guid: 8685434afd5b501438e4682fde4face0, type: 2}
    - target: {fileID: -8260627125120282874, guid: dd38d9d5bb8df4742bba126a47e93229,
        type: 3}
      propertyPath: m_CastShadows
      value: 2
      objectReference: {fileID: 0}
    - target: {fileID: -5841397313611856455, guid: dd38d9d5bb8df4742bba126a47e93229,
        type: 3}
      propertyPath: m_Materials.Array.data[0]
      value: 
      objectReference: {fileID: 2100000, guid: 1e19109378832834881a0a682d023bed, type: 2}
    - target: {fileID: -5841397313611856455, guid: dd38d9d5bb8df4742bba126a47e93229,
        type: 3}
      propertyPath: m_CastShadows
      value: 2
      objectReference: {fileID: 0}
    - target: {fileID: -5546175749386392572, guid: dd38d9d5bb8df4742bba126a47e93229,
        type: 3}
      propertyPath: m_StaticEditorFlags
      value: 4294967295
      objectReference: {fileID: 0}
    - target: {fileID: -5386540066938330032, guid: dd38d9d5bb8df4742bba126a47e93229,
        type: 3}
      propertyPath: m_StaticEditorFlags
      value: 4294967295
      objectReference: {fileID: 0}
    - target: {fileID: -4463058328293886279, guid: dd38d9d5bb8df4742bba126a47e93229,
        type: 3}
      propertyPath: m_StaticEditorFlags
      value: 4294967295
      objectReference: {fileID: 0}
    - target: {fileID: -3519070238057780543, guid: dd38d9d5bb8df4742bba126a47e93229,
        type: 3}
      propertyPath: m_StaticEditorFlags
      value: 4294967295
      objectReference: {fileID: 0}
    - target: {fileID: -3448673791752929045, guid: dd38d9d5bb8df4742bba126a47e93229,
        type: 3}
      propertyPath: m_Enabled
      value: 0
      objectReference: {fileID: 0}
    - target: {fileID: -3408112137378388214, guid: dd38d9d5bb8df4742bba126a47e93229,
        type: 3}
      propertyPath: m_Materials.Array.data[0]
      value: 
      objectReference: {fileID: 2100000, guid: c7c22fb80f2798046be4518d453a6629, type: 2}
    - target: {fileID: -3408112137378388214, guid: dd38d9d5bb8df4742bba126a47e93229,
        type: 3}
      propertyPath: m_CastShadows
      value: 2
      objectReference: {fileID: 0}
    - target: {fileID: -2920852841719943947, guid: dd38d9d5bb8df4742bba126a47e93229,
        type: 3}
      propertyPath: m_StaticEditorFlags
      value: 4294967295
      objectReference: {fileID: 0}
    - target: {fileID: -1449687160715781321, guid: dd38d9d5bb8df4742bba126a47e93229,
        type: 3}
      propertyPath: m_Materials.Array.data[0]
      value: 
      objectReference: {fileID: 2100000, guid: 1e19109378832834881a0a682d023bed, type: 2}
    - target: {fileID: -1449687160715781321, guid: dd38d9d5bb8df4742bba126a47e93229,
        type: 3}
      propertyPath: m_CastShadows
      value: 2
      objectReference: {fileID: 0}
    - target: {fileID: -1130434207945115741, guid: dd38d9d5bb8df4742bba126a47e93229,
        type: 3}
      propertyPath: m_StaticEditorFlags
      value: 4294967295
      objectReference: {fileID: 0}
    - target: {fileID: 919132149155446097, guid: dd38d9d5bb8df4742bba126a47e93229,
        type: 3}
      propertyPath: m_Name
      value: tile_ramp_zigzag
      objectReference: {fileID: 0}
    - target: {fileID: 919132149155446097, guid: dd38d9d5bb8df4742bba126a47e93229,
        type: 3}
      propertyPath: m_StaticEditorFlags
      value: 4294967295
      objectReference: {fileID: 0}
    - target: {fileID: 1407601352661587451, guid: dd38d9d5bb8df4742bba126a47e93229,
        type: 3}
      propertyPath: m_StaticEditorFlags
      value: 4294967295
      objectReference: {fileID: 0}
    - target: {fileID: 3023518631479562748, guid: dd38d9d5bb8df4742bba126a47e93229,
        type: 3}
      propertyPath: m_Materials.Array.data[0]
      value: 
      objectReference: {fileID: 2100000, guid: f138efa175f98b045af4c8dddcd33a3a, type: 2}
    - target: {fileID: 3023518631479562748, guid: dd38d9d5bb8df4742bba126a47e93229,
        type: 3}
      propertyPath: m_CastShadows
      value: 2
      objectReference: {fileID: 0}
    - target: {fileID: 3932333116229739722, guid: dd38d9d5bb8df4742bba126a47e93229,
        type: 3}
      propertyPath: m_StaticEditorFlags
      value: 4294967295
      objectReference: {fileID: 0}
    - target: {fileID: 5385113866048693128, guid: dd38d9d5bb8df4742bba126a47e93229,
        type: 3}
      propertyPath: m_Materials.Array.data[0]
      value: 
      objectReference: {fileID: 2100000, guid: c7c22fb80f2798046be4518d453a6629, type: 2}
    - target: {fileID: 5385113866048693128, guid: dd38d9d5bb8df4742bba126a47e93229,
        type: 3}
      propertyPath: m_CastShadows
      value: 2
      objectReference: {fileID: 0}
    - target: {fileID: 6776897135273815471, guid: dd38d9d5bb8df4742bba126a47e93229,
        type: 3}
      propertyPath: m_StaticEditorFlags
      value: 4294967295
      objectReference: {fileID: 0}
    - target: {fileID: 8846031677951843614, guid: dd38d9d5bb8df4742bba126a47e93229,
        type: 3}
      propertyPath: m_Enabled
      value: 0
      objectReference: {fileID: 0}
    m_RemovedComponents: []
  m_SourcePrefab: {fileID: 100100000, guid: dd38d9d5bb8df4742bba126a47e93229, type: 3}
--- !u!4 &9164261895648892809 stripped
Transform:
  m_CorrespondingSourceObject: {fileID: -8679921383154817045, guid: dd38d9d5bb8df4742bba126a47e93229,
    type: 3}
  m_PrefabInstance: {fileID: 8693995528053174370}
  m_PrefabAsset: {fileID: 0}
--- !u!1 &5453648406704659558 stripped
GameObject:
  m_CorrespondingSourceObject: {fileID: -5546175749386392572, guid: dd38d9d5bb8df4742bba126a47e93229,
    type: 3}
  m_PrefabInstance: {fileID: 8693995528053174370}
  m_PrefabAsset: {fileID: 0}
--- !u!1 &3445338439080615063 stripped
GameObject:
  m_CorrespondingSourceObject: {fileID: -2920852841719943947, guid: dd38d9d5bb8df4742bba126a47e93229,
    type: 3}
  m_PrefabInstance: {fileID: 8693995528053174370}
  m_PrefabAsset: {fileID: 0}
--- !u!1 &641941950283024321 stripped
GameObject:
  m_CorrespondingSourceObject: {fileID: -1130434207945115741, guid: dd38d9d5bb8df4742bba126a47e93229,
    type: 3}
  m_PrefabInstance: {fileID: 8693995528053174370}
  m_PrefabAsset: {fileID: 0}
--- !u!1 &7723544882541847961 stripped
GameObject:
  m_CorrespondingSourceObject: {fileID: 1407601352661587451, guid: dd38d9d5bb8df4742bba126a47e93229,
    type: 3}
  m_PrefabInstance: {fileID: 8693995528053174370}
  m_PrefabAsset: {fileID: 0}
--- !u!1 &5635466567628182696 stripped
GameObject:
  m_CorrespondingSourceObject: {fileID: 3932333116229739722, guid: dd38d9d5bb8df4742bba126a47e93229,
    type: 3}
  m_PrefabInstance: {fileID: 8693995528053174370}
  m_PrefabAsset: {fileID: 0}
--- !u!1 &5591338267104171058 stripped
GameObject:
  m_CorrespondingSourceObject: {fileID: -5386540066938330032, guid: dd38d9d5bb8df4742bba126a47e93229,
    type: 3}
  m_PrefabInstance: {fileID: 8693995528053174370}
  m_PrefabAsset: {fileID: 0}
--- !u!1 &4003285131146762915 stripped
GameObject:
  m_CorrespondingSourceObject: {fileID: -3519070238057780543, guid: dd38d9d5bb8df4742bba126a47e93229,
    type: 3}
  m_PrefabInstance: {fileID: 8693995528053174370}
  m_PrefabAsset: {fileID: 0}
--- !u!1 &2786363500445441485 stripped
GameObject:
  m_CorrespondingSourceObject: {fileID: 6776897135273815471, guid: dd38d9d5bb8df4742bba126a47e93229,
    type: 3}
  m_PrefabInstance: {fileID: 8693995528053174370}
  m_PrefabAsset: {fileID: 0}
