%YAML 1.1
%TAG !u! tag:unity3d.com,2011:
--- !u!1 &968936757
GameObject:
  m_ObjectHideFlags: 0
  m_CorrespondingSourceObject: {fileID: 0}
  m_PrefabInstance: {fileID: 0}
  m_PrefabAsset: {fileID: 0}
  serializedVersion: 6
  m_Component:
  - component: {fileID: 968936758}
  m_Layer: 0
  m_Name: FWD
  m_TagString: Untagged
  m_Icon: {fileID: 419385456094870383, guid: 0000000000000000d000000000000000, type: 0}
  m_NavMeshLayer: 0
  m_StaticEditorFlags: 0
  m_IsActive: 1
--- !u!4 &968936758
Transform:
  m_ObjectHideFlags: 0
  m_CorrespondingSourceObject: {fileID: 0}
  m_PrefabInstance: {fileID: 0}
  m_PrefabAsset: {fileID: 0}
  m_GameObject: {fileID: 968936757}
  m_LocalRotation: {x: -0, y: -0, z: -0, w: 1}
  m_LocalPosition: {x: 0, y: 2, z: 0}
  m_LocalScale: {x: 1, y: 1, z: 1}
  m_Children: []
  m_Father: {fileID: 2486829522652439165}
  m_RootOrder: 1
  m_LocalEulerAnglesHint: {x: 0, y: 0, z: 0}
--- !u!1 &1087684220
GameObject:
  m_ObjectHideFlags: 0
  m_CorrespondingSourceObject: {fileID: 0}
  m_PrefabInstance: {fileID: 0}
  m_PrefabAsset: {fileID: 0}
  serializedVersion: 6
  m_Component:
  - component: {fileID: 1087684221}
  - component: {fileID: 1087684224}
  - component: {fileID: 1087684223}
  - component: {fileID: 1087684222}
  m_Layer: 0
  m_Name: Sphere
  m_TagString: Untagged
  m_Icon: {fileID: 0}
  m_NavMeshLayer: 0
  m_StaticEditorFlags: 0
  m_IsActive: 0
--- !u!4 &1087684221
Transform:
  m_ObjectHideFlags: 0
  m_CorrespondingSourceObject: {fileID: 0}
  m_PrefabInstance: {fileID: 0}
  m_PrefabAsset: {fileID: 0}
  m_GameObject: {fileID: 1087684220}
  m_LocalRotation: {x: 0, y: 0, z: 0, w: 1}
  m_LocalPosition: {x: 0, y: 0, z: 0}
  m_LocalScale: {x: 0.1, y: 0.1, z: 0.1}
  m_Children: []
  m_Father: {fileID: 1536959577}
  m_RootOrder: 0
  m_LocalEulerAnglesHint: {x: 0, y: 0, z: 0}
--- !u!33 &1087684224
MeshFilter:
  m_ObjectHideFlags: 0
  m_CorrespondingSourceObject: {fileID: 0}
  m_PrefabInstance: {fileID: 0}
  m_PrefabAsset: {fileID: 0}
  m_GameObject: {fileID: 1087684220}
  m_Mesh: {fileID: 10207, guid: 0000000000000000e000000000000000, type: 0}
--- !u!23 &1087684223
MeshRenderer:
  m_ObjectHideFlags: 0
  m_CorrespondingSourceObject: {fileID: 0}
  m_PrefabInstance: {fileID: 0}
  m_PrefabAsset: {fileID: 0}
  m_GameObject: {fileID: 1087684220}
  m_Enabled: 1
  m_CastShadows: 1
  m_ReceiveShadows: 1
  m_DynamicOccludee: 1
  m_MotionVectors: 1
  m_LightProbeUsage: 1
  m_ReflectionProbeUsage: 1
  m_RayTracingMode: 2
  m_RenderingLayerMask: 1
  m_RendererPriority: 0
  m_Materials:
  - {fileID: 10303, guid: 0000000000000000f000000000000000, type: 0}
  m_StaticBatchInfo:
    firstSubMesh: 0
    subMeshCount: 0
  m_StaticBatchRoot: {fileID: 0}
  m_ProbeAnchor: {fileID: 0}
  m_LightProbeVolumeOverride: {fileID: 0}
  m_ScaleInLightmap: 1
  m_ReceiveGI: 1
  m_PreserveUVs: 0
  m_IgnoreNormalsForChartDetection: 0
  m_ImportantGI: 0
  m_StitchLightmapSeams: 1
  m_SelectedEditorRenderState: 3
  m_MinimumChartSize: 4
  m_AutoUVMaxDistance: 0.5
  m_AutoUVMaxAngle: 89
  m_LightmapParameters: {fileID: 0}
  m_SortingLayerID: 0
  m_SortingLayer: 0
  m_SortingOrder: 0
--- !u!135 &1087684222
SphereCollider:
  m_ObjectHideFlags: 0
  m_CorrespondingSourceObject: {fileID: 0}
  m_PrefabInstance: {fileID: 0}
  m_PrefabAsset: {fileID: 0}
  m_GameObject: {fileID: 1087684220}
  m_Material: {fileID: 0}
  m_IsTrigger: 0
  m_Enabled: 1
  serializedVersion: 2
  m_Radius: 0.5
  m_Center: {x: 0, y: 0, z: 0}
--- !u!1 &1536959576
GameObject:
  m_ObjectHideFlags: 0
  m_CorrespondingSourceObject: {fileID: 0}
  m_PrefabInstance: {fileID: 0}
  m_PrefabAsset: {fileID: 0}
  serializedVersion: 6
  m_Component:
  - component: {fileID: 1536959577}
  - component: {fileID: 1536959579}
  - component: {fileID: 1536959578}
  m_Layer: 0
  m_Name: Grapple
  m_TagString: Untagged
  m_Icon: {fileID: 5132851093641282708, guid: 0000000000000000d000000000000000, type: 0}
  m_NavMeshLayer: 0
  m_StaticEditorFlags: 0
  m_IsActive: 1
--- !u!4 &1536959577
Transform:
  m_ObjectHideFlags: 0
  m_CorrespondingSourceObject: {fileID: 0}
  m_PrefabInstance: {fileID: 0}
  m_PrefabAsset: {fileID: 0}
  m_GameObject: {fileID: 1536959576}
  m_LocalRotation: {x: -0, y: -0, z: -0, w: 1}
  m_LocalPosition: {x: -0.15, y: 0, z: -0.01}
  m_LocalScale: {x: 1, y: 1, z: 1}
  m_Children:
  - {fileID: 1087684221}
  m_Father: {fileID: 2486971014262134859}
  m_RootOrder: 1
  m_LocalEulerAnglesHint: {x: 0, y: 0, z: 0}
--- !u!114 &1536959579
MonoBehaviour:
  m_ObjectHideFlags: 0
  m_CorrespondingSourceObject: {fileID: 0}
  m_PrefabInstance: {fileID: 0}
  m_PrefabAsset: {fileID: 0}
  m_GameObject: {fileID: 1536959576}
  m_Enabled: 1
  m_EditorHideFlags: 0
  m_Script: {fileID: 11500000, guid: 409ae712ab1bf4c4ab5ce5bfcc427241, type: 3}
  m_Name: 
  m_EditorClassIdentifier: 
  hud: {fileID: 0}
  cont: {fileID: 2529109605302335551}
  lr: {fileID: 1536959578}
  whatIsGrappleable:
    serializedVersion: 2
    m_Bits: 5939
  camera: {fileID: 2486956926169694705}
  gunTip: {fileID: 1536959577}
  launchAccelrationFWD: 1.5
  launchAccelrationUP: 0.2
  MaxDistanceModifier: 15
  MinDistanceModifier: 5
  successfulCooldown: 0.5
  unSuccessfulCooldown: 1
  grappleDistance: 30
  grappleSFX: {fileID: 11400000, guid: 6e609e44a0ab04545a7071826ba8e0f5, type: 2}
--- !u!120 &1536959578
LineRenderer:
  m_ObjectHideFlags: 0
  m_CorrespondingSourceObject: {fileID: 0}
  m_PrefabInstance: {fileID: 0}
  m_PrefabAsset: {fileID: 0}
  m_GameObject: {fileID: 1536959576}
  m_Enabled: 1
  m_CastShadows: 1
  m_ReceiveShadows: 1
  m_DynamicOccludee: 1
  m_MotionVectors: 0
  m_LightProbeUsage: 0
  m_ReflectionProbeUsage: 0
  m_RayTracingMode: 0
  m_RenderingLayerMask: 1
  m_RendererPriority: 0
  m_Materials:
  - {fileID: 2100000, guid: 6c7336623e7dd994bb431f8717e1c939, type: 2}
  m_StaticBatchInfo:
    firstSubMesh: 0
    subMeshCount: 0
  m_StaticBatchRoot: {fileID: 0}
  m_ProbeAnchor: {fileID: 0}
  m_LightProbeVolumeOverride: {fileID: 0}
  m_ScaleInLightmap: 1
  m_ReceiveGI: 1
  m_PreserveUVs: 0
  m_IgnoreNormalsForChartDetection: 0
  m_ImportantGI: 0
  m_StitchLightmapSeams: 1
  m_SelectedEditorRenderState: 3
  m_MinimumChartSize: 4
  m_AutoUVMaxDistance: 0.5
  m_AutoUVMaxAngle: 89
  m_LightmapParameters: {fileID: 0}
  m_SortingLayerID: 0
  m_SortingLayer: 0
  m_SortingOrder: 0
  m_Positions: []
  m_Parameters:
    serializedVersion: 3
    widthMultiplier: 0.05
    widthCurve:
      serializedVersion: 2
      m_Curve:
      - serializedVersion: 3
        time: 0
        value: 1
        inSlope: 0
        outSlope: 0
        tangentMode: 0
        weightedMode: 0
        inWeight: 0.33333334
        outWeight: 0.33333334
      - serializedVersion: 3
        time: 1
        value: 0.5039683
        inSlope: 0
        outSlope: 0
        tangentMode: 0
        weightedMode: 0
        inWeight: 0
        outWeight: 0
      m_PreInfinity: 2
      m_PostInfinity: 2
      m_RotationOrder: 4
    colorGradient:
      serializedVersion: 2
      key0: {r: 1, g: 1, b: 1, a: 1}
      key1: {r: 1, g: 1, b: 1, a: 1}
      key2: {r: 0, g: 0, b: 0, a: 0}
      key3: {r: 0, g: 0, b: 0, a: 0}
      key4: {r: 0, g: 0, b: 0, a: 0}
      key5: {r: 0, g: 0, b: 0, a: 0}
      key6: {r: 0, g: 0, b: 0, a: 0}
      key7: {r: 0, g: 0, b: 0, a: 0}
      ctime0: 0
      ctime1: 65535
      ctime2: 0
      ctime3: 0
      ctime4: 0
      ctime5: 0
      ctime6: 0
      ctime7: 0
      atime0: 0
      atime1: 65535
      atime2: 0
      atime3: 0
      atime4: 0
      atime5: 0
      atime6: 0
      atime7: 0
      m_Mode: 0
      m_NumColorKeys: 2
      m_NumAlphaKeys: 2
    numCornerVertices: 0
    numCapVertices: 0
    alignment: 0
    textureMode: 0
    shadowBias: 0.5
    generateLightingData: 0
  m_UseWorldSpace: 1
  m_Loop: 0
--- !u!1 &1551011502
GameObject:
  m_ObjectHideFlags: 0
  m_CorrespondingSourceObject: {fileID: 0}
  m_PrefabInstance: {fileID: 0}
  m_PrefabAsset: {fileID: 0}
  serializedVersion: 6
  m_Component:
  - component: {fileID: 1551011503}
  - component: {fileID: 1551011505}
  - component: {fileID: 1551011504}
  m_Layer: 12
  m_Name: Weapon Controller
  m_TagString: Untagged
  m_Icon: {fileID: 0}
  m_NavMeshLayer: 0
  m_StaticEditorFlags: 0
  m_IsActive: 1
--- !u!4 &1551011503
Transform:
  m_ObjectHideFlags: 0
  m_CorrespondingSourceObject: {fileID: 0}
  m_PrefabInstance: {fileID: 0}
  m_PrefabAsset: {fileID: 0}
  m_GameObject: {fileID: 1551011502}
  m_LocalRotation: {x: 0, y: 0, z: 0, w: 1}
  m_LocalPosition: {x: 0, y: 1.296, z: 0}
  m_LocalScale: {x: 3, y: 3, z: 3}
  m_Children: []
  m_Father: {fileID: 2486749158678985517}
  m_RootOrder: 2
  m_LocalEulerAnglesHint: {x: 0, y: 0, z: 0}
--- !u!114 &1551011505
MonoBehaviour:
  m_ObjectHideFlags: 0
  m_CorrespondingSourceObject: {fileID: 0}
  m_PrefabInstance: {fileID: 0}
  m_PrefabAsset: {fileID: 0}
  m_GameObject: {fileID: 1551011502}
  m_Enabled: 1
  m_EditorHideFlags: 0
  m_Script: {fileID: 11500000, guid: 44199e80e8a2d06498e8363fe443814e, type: 3}
  m_Name: 
  m_EditorClassIdentifier: 
  equipedWeapon: {fileID: 0}
  gunHoldRoot: {fileID: 1556245219}
  weaponCamera: {fileID: 2505238581667228671}
  hud: {fileID: 0}
  triggeredWeapon: {fileID: 0}
  triggeredModifier: {fileID: 0}
--- !u!135 &1551011504
SphereCollider:
  m_ObjectHideFlags: 0
  m_CorrespondingSourceObject: {fileID: 0}
  m_PrefabInstance: {fileID: 0}
  m_PrefabAsset: {fileID: 0}
  m_GameObject: {fileID: 1551011502}
  m_Material: {fileID: 0}
  m_IsTrigger: 1
  m_Enabled: 1
  serializedVersion: 2
  m_Radius: 0.5
  m_Center: {x: 0, y: 0, z: 0}
--- !u!1 &1556245218
GameObject:
  m_ObjectHideFlags: 0
  m_CorrespondingSourceObject: {fileID: 0}
  m_PrefabInstance: {fileID: 0}
  m_PrefabAsset: {fileID: 0}
  serializedVersion: 6
  m_Component:
  - component: {fileID: 1556245219}
  m_Layer: 0
  m_Name: Gun Pos
  m_TagString: Untagged
  m_Icon: {fileID: 0}
  m_NavMeshLayer: 0
  m_StaticEditorFlags: 0
  m_IsActive: 1
--- !u!4 &1556245219
Transform:
  m_ObjectHideFlags: 0
  m_CorrespondingSourceObject: {fileID: 0}
  m_PrefabInstance: {fileID: 0}
  m_PrefabAsset: {fileID: 0}
  m_GameObject: {fileID: 1556245218}
  m_LocalRotation: {x: 0, y: 0, z: 0, w: 1}
  m_LocalPosition: {x: 0, y: -0.7, z: 0.3}
  m_LocalScale: {x: 1, y: 1, z: 1}
  m_Children:
  - {fileID: 8218813135489426242}
  m_Father: {fileID: 2486971014262134859}
  m_RootOrder: 2
  m_LocalEulerAnglesHint: {x: 0, y: 0, z: 0}
--- !u!1 &1614270455807327391
GameObject:
  m_ObjectHideFlags: 0
  m_CorrespondingSourceObject: {fileID: 0}
  m_PrefabInstance: {fileID: 0}
  m_PrefabAsset: {fileID: 0}
  serializedVersion: 6
  m_Component:
  - component: {fileID: 8218813135489426242}
  - component: {fileID: 5058448690137947477}
  - component: {fileID: 6956917950508678180}
  - component: {fileID: 2068627117589989201}
  m_Layer: 0
  m_Name: Sphere
  m_TagString: Untagged
  m_Icon: {fileID: 0}
  m_NavMeshLayer: 0
  m_StaticEditorFlags: 0
  m_IsActive: 0
--- !u!4 &8218813135489426242
Transform:
  m_ObjectHideFlags: 0
  m_CorrespondingSourceObject: {fileID: 0}
  m_PrefabInstance: {fileID: 0}
  m_PrefabAsset: {fileID: 0}
  m_GameObject: {fileID: 1614270455807327391}
  m_LocalRotation: {x: 0, y: 0, z: 0, w: 1}
  m_LocalPosition: {x: 0, y: 0, z: 0}
  m_LocalScale: {x: 0.1, y: 0.1, z: 0.1}
  m_Children: []
  m_Father: {fileID: 1556245219}
  m_RootOrder: 0
  m_LocalEulerAnglesHint: {x: 0, y: 0, z: 0}
--- !u!33 &5058448690137947477
MeshFilter:
  m_ObjectHideFlags: 0
  m_CorrespondingSourceObject: {fileID: 0}
  m_PrefabInstance: {fileID: 0}
  m_PrefabAsset: {fileID: 0}
  m_GameObject: {fileID: 1614270455807327391}
  m_Mesh: {fileID: 10207, guid: 0000000000000000e000000000000000, type: 0}
--- !u!23 &6956917950508678180
MeshRenderer:
  m_ObjectHideFlags: 0
  m_CorrespondingSourceObject: {fileID: 0}
  m_PrefabInstance: {fileID: 0}
  m_PrefabAsset: {fileID: 0}
  m_GameObject: {fileID: 1614270455807327391}
  m_Enabled: 1
  m_CastShadows: 1
  m_ReceiveShadows: 1
  m_DynamicOccludee: 1
  m_MotionVectors: 1
  m_LightProbeUsage: 1
  m_ReflectionProbeUsage: 1
  m_RayTracingMode: 2
  m_RenderingLayerMask: 1
  m_RendererPriority: 0
  m_Materials:
  - {fileID: 10303, guid: 0000000000000000f000000000000000, type: 0}
  m_StaticBatchInfo:
    firstSubMesh: 0
    subMeshCount: 0
  m_StaticBatchRoot: {fileID: 0}
  m_ProbeAnchor: {fileID: 0}
  m_LightProbeVolumeOverride: {fileID: 0}
  m_ScaleInLightmap: 1
  m_ReceiveGI: 1
  m_PreserveUVs: 0
  m_IgnoreNormalsForChartDetection: 0
  m_ImportantGI: 0
  m_StitchLightmapSeams: 1
  m_SelectedEditorRenderState: 3
  m_MinimumChartSize: 4
  m_AutoUVMaxDistance: 0.5
  m_AutoUVMaxAngle: 89
  m_LightmapParameters: {fileID: 0}
  m_SortingLayerID: 0
  m_SortingLayer: 0
  m_SortingOrder: 0
--- !u!135 &2068627117589989201
SphereCollider:
  m_ObjectHideFlags: 0
  m_CorrespondingSourceObject: {fileID: 0}
  m_PrefabInstance: {fileID: 0}
  m_PrefabAsset: {fileID: 0}
  m_GameObject: {fileID: 1614270455807327391}
  m_Material: {fileID: 0}
  m_IsTrigger: 0
  m_Enabled: 1
  serializedVersion: 2
  m_Radius: 0.5
  m_Center: {x: 0, y: 0, z: 0}
--- !u!114 &1978832481
MonoBehaviour:
  m_ObjectHideFlags: 0
  m_CorrespondingSourceObject: {fileID: 0}
  m_PrefabInstance: {fileID: 0}
  m_PrefabAsset: {fileID: 0}
  m_GameObject: {fileID: 2488403864008975641}
  m_Enabled: 1
  m_EditorHideFlags: 0
  m_Script: {fileID: 11500000, guid: 1790c800c6bdf1b4c9e278031857c6c7, type: 3}
  m_Name: 
  m_EditorClassIdentifier: 
  healthRef: {fileID: 7771724323682954733}
  onHitEvents:
    m_PersistentCalls:
      m_Calls:
      - m_Target: {fileID: 0}
        m_MethodName: UpdateHealth
        m_Mode: 1
        m_Arguments:
          m_ObjectArgument: {fileID: 0}
          m_ObjectArgumentAssemblyTypeName: UnityEngine.Object, UnityEngine
          m_IntArgument: 0
          m_FloatArgument: 0
          m_StringArgument: 
          m_BoolArgument: 0
        m_CallState: 2
      - m_Target: {fileID: 0}
        m_MethodName: Flash
        m_Mode: 1
        m_Arguments:
          m_ObjectArgument: {fileID: 0}
          m_ObjectArgumentAssemblyTypeName: UnityEngine.Object, UnityEngine
          m_IntArgument: 0
          m_FloatArgument: 0
          m_StringArgument: 
          m_BoolArgument: 0
        m_CallState: 2
--- !u!114 &1978832482
MonoBehaviour:
  m_ObjectHideFlags: 0
  m_CorrespondingSourceObject: {fileID: 0}
  m_PrefabInstance: {fileID: 0}
  m_PrefabAsset: {fileID: 0}
  m_GameObject: {fileID: 2488403864008975641}
  m_Enabled: 1
  m_EditorHideFlags: 0
  m_Script: {fileID: 11500000, guid: fb145d18df56a8a44aacf82186864c08, type: 3}
  m_Name: 
  m_EditorClassIdentifier: 
  aiFWDTarget: {fileID: 968936758}
  weaponHandler: {fileID: 1551011505}
  health: {fileID: 7771724323682954733}
--- !u!114 &7771724323682954733
MonoBehaviour:
  m_ObjectHideFlags: 0
  m_CorrespondingSourceObject: {fileID: 0}
  m_PrefabInstance: {fileID: 0}
  m_PrefabAsset: {fileID: 0}
  m_GameObject: {fileID: 2488403864008975641}
  m_Enabled: 1
  m_EditorHideFlags: 0
  m_Script: {fileID: 11500000, guid: e140b2a3adb83f64ea8d19a6a1e69296, type: 3}
  m_Name: 
  m_EditorClassIdentifier: 
  maxHP: 100
  currentHP: 0
  onDieEvent:
    m_PersistentCalls:
      m_Calls: []
  deathScore: 0
  deathParticles: {fileID: 0}
  armor: 0
  maxArmor: 100
  damageSFX: {fileID: 11400000, guid: 3befdd841fb068b4d81c0184fc15f28d, type: 2}
  deathSFX: {fileID: 11400000, guid: 82f90924e6b191f4e96b4deeb4057f01, type: 2}
  realMaxHP: 100
--- !u!82 &8797412913982266623
AudioSource:
  m_ObjectHideFlags: 0
  m_CorrespondingSourceObject: {fileID: 0}
  m_PrefabInstance: {fileID: 0}
  m_PrefabAsset: {fileID: 0}
  m_GameObject: {fileID: 2488588287481794003}
  m_Enabled: 1
  serializedVersion: 4
  OutputAudioMixerGroup: {fileID: 0}
  m_audioClip: {fileID: 8300000, guid: 6d69286bc1dfa074d9844d633008ea23, type: 3}
  m_PlayOnAwake: 1
  m_Volume: 0.3
  m_Pitch: 1
  Loop: 1
  Mute: 0
  Spatialize: 0
  SpatializePostEffects: 0
  Priority: 128
  DopplerLevel: 1
  MinDistance: 1
  MaxDistance: 500
  Pan2D: 0
  rolloffMode: 0
  BypassEffects: 0
  BypassListenerEffects: 0
  BypassReverbZones: 0
  rolloffCustomCurve:
    serializedVersion: 2
    m_Curve:
    - serializedVersion: 3
      time: 0
      value: 1
      inSlope: 0
      outSlope: 0
      tangentMode: 0
      weightedMode: 0
      inWeight: 0.33333334
      outWeight: 0.33333334
    - serializedVersion: 3
      time: 1
      value: 0
      inSlope: 0
      outSlope: 0
      tangentMode: 0
      weightedMode: 0
      inWeight: 0.33333334
      outWeight: 0.33333334
    m_PreInfinity: 2
    m_PostInfinity: 2
    m_RotationOrder: 4
  panLevelCustomCurve:
    serializedVersion: 2
    m_Curve:
    - serializedVersion: 3
      time: 0
      value: 0
      inSlope: 0
      outSlope: 0
      tangentMode: 0
      weightedMode: 0
      inWeight: 0.33333334
      outWeight: 0.33333334
    m_PreInfinity: 2
    m_PostInfinity: 2
    m_RotationOrder: 4
  spreadCustomCurve:
    serializedVersion: 2
    m_Curve:
    - serializedVersion: 3
      time: 0
      value: 0
      inSlope: 0
      outSlope: 0
      tangentMode: 0
      weightedMode: 0
      inWeight: 0.33333334
      outWeight: 0.33333334
    m_PreInfinity: 2
    m_PostInfinity: 2
    m_RotationOrder: 4
  reverbZoneMixCustomCurve:
    serializedVersion: 2
    m_Curve:
    - serializedVersion: 3
      time: 0
      value: 1
      inSlope: 0
      outSlope: 0
      tangentMode: 0
      weightedMode: 0
      inWeight: 0.33333334
      outWeight: 0.33333334
    m_PreInfinity: 2
    m_PostInfinity: 2
    m_RotationOrder: 4
--- !u!95 &1937076375080290778
Animator:
  serializedVersion: 3
  m_ObjectHideFlags: 0
  m_CorrespondingSourceObject: {fileID: 0}
  m_PrefabInstance: {fileID: 0}
  m_PrefabAsset: {fileID: 0}
  m_GameObject: {fileID: 2488588287481794003}
  m_Enabled: 1
  m_Avatar: {fileID: 0}
  m_Controller: {fileID: 9100000, guid: 5b0494c29a523d345a9c0f714e12ac79, type: 2}
  m_CullingMode: 0
  m_UpdateMode: 0
  m_ApplyRootMotion: 0
  m_LinearVelocityBlending: 0
  m_WarningMessage: 
  m_HasTransformHierarchy: 1
  m_AllowConstantClipSamplingOptimization: 1
  m_KeepAnimatorControllerStateOnDisable: 0
--- !u!114 &1707229178
MonoBehaviour:
  m_ObjectHideFlags: 0
  m_CorrespondingSourceObject: {fileID: 0}
  m_PrefabInstance: {fileID: 0}
  m_PrefabAsset: {fileID: 0}
  m_GameObject: {fileID: 2488588287481794003}
  m_Enabled: 1
  m_EditorHideFlags: 0
  m_Script: {fileID: 11500000, guid: 8b9a305e18de0c04dbd257a21cd47087, type: 3}
  m_Name: 
  m_EditorClassIdentifier: 
  sharedProfile: {fileID: 11400000, guid: e51adef99a9c3d74794f0f59fe7d7f34, type: 2}
  isGlobal: 1
  blendDistance: 0
  weight: 1
  priority: 0
--- !u!114 &1707229179
MonoBehaviour:
  m_ObjectHideFlags: 0
  m_CorrespondingSourceObject: {fileID: 0}
  m_PrefabInstance: {fileID: 0}
  m_PrefabAsset: {fileID: 0}
  m_GameObject: {fileID: 2488588287481794003}
  m_Enabled: 1
  m_EditorHideFlags: 0
  m_Script: {fileID: 11500000, guid: 948f4100a11a5c24981795d21301da5c, type: 3}
  m_Name: 
  m_EditorClassIdentifier: 
  volumeTrigger: {fileID: 2486956926169694705}
  volumeLayer:
    serializedVersion: 2
    m_Bits: 1
  stopNaNPropagation: 1
  finalBlitToCameraTarget: 0
  antialiasingMode: 0
  temporalAntialiasing:
    jitterSpread: 0.75
    sharpness: 0.25
    stationaryBlending: 0.95
    motionBlending: 0.85
  subpixelMorphologicalAntialiasing:
    quality: 2
  fastApproximateAntialiasing:
    fastMode: 0
    keepAlpha: 0
  fog:
    enabled: 1
    excludeSkybox: 1
  debugLayer:
    lightMeter:
      width: 512
      height: 256
      showCurves: 1
    histogram:
      width: 512
      height: 256
      channel: 3
    waveform:
      exposure: 0.12
      height: 256
    vectorscope:
      size: 256
      exposure: 0.12
    overlaySettings:
      linearDepth: 0
      motionColorIntensity: 4
      motionGridSize: 64
      colorBlindnessType: 0
      colorBlindnessStrength: 1
  m_Resources: {fileID: 11400000, guid: d82512f9c8e5d4a4d938b575d47f88d4, type: 2}
  m_ShowToolkit: 0
  m_ShowCustomSorter: 0
  breakBeforeColorGrading: 0
  m_BeforeTransparentBundles: []
  m_BeforeStackBundles: []
  m_AfterStackBundles: []
--- !u!114 &1707229180
MonoBehaviour:
  m_ObjectHideFlags: 0
  m_CorrespondingSourceObject: {fileID: 0}
  m_PrefabInstance: {fileID: 0}
  m_PrefabAsset: {fileID: 0}
  m_GameObject: {fileID: 2488588287481794003}
  m_Enabled: 1
  m_EditorHideFlags: 0
  m_Script: {fileID: 11500000, guid: c456617db00bd4babb6fb5d4ad5f0a78, type: 3}
  m_Name: 
  m_EditorClassIdentifier: 
  RetroMaterial: {fileID: 0}
  _ResolutionPercentage: 1
  MatchReferenceResolution: 1
  _ReferenceHeight: 640
  _ContrastBoost: 0
  _BrightnessBoost: 0
  _ColorDepth: 4
  ColorPalette: {fileID: 0}
  EnableDithering: 1
  RGBDithering: 0
  PixelateDitherMap: 1
  UsePalette: 0
  _Camera: {fileID: 2505238581667228671}
  _PaletteColorVectors: []
--- !u!1001 &2489383036721466071
PrefabInstance:
  m_ObjectHideFlags: 0
  serializedVersion: 2
  m_Modification:
    m_TransformParent: {fileID: 0}
    m_Modifications:
    - target: {fileID: 1273852644323278, guid: 5d075d3ed32dfe1498e31454964d07e8, type: 3}
      propertyPath: m_Name
      value: Player Variant
      objectReference: {fileID: 0}
    - target: {fileID: 1273852644323278, guid: 5d075d3ed32dfe1498e31454964d07e8, type: 3}
      propertyPath: m_TagString
      value: Player
      objectReference: {fileID: 0}
    - target: {fileID: 1457344649512708, guid: 5d075d3ed32dfe1498e31454964d07e8, type: 3}
      propertyPath: m_Icon
      value: 
      objectReference: {fileID: 3936346786652291628, guid: 0000000000000000d000000000000000,
        type: 0}
    - target: {fileID: 4122625377137146, guid: 5d075d3ed32dfe1498e31454964d07e8, type: 3}
      propertyPath: m_LocalPosition.x
      value: 0
      objectReference: {fileID: 0}
    - target: {fileID: 4122625377137146, guid: 5d075d3ed32dfe1498e31454964d07e8, type: 3}
      propertyPath: m_LocalPosition.y
      value: 0
      objectReference: {fileID: 0}
    - target: {fileID: 4122625377137146, guid: 5d075d3ed32dfe1498e31454964d07e8, type: 3}
      propertyPath: m_LocalPosition.z
      value: -3
      objectReference: {fileID: 0}
    - target: {fileID: 4122625377137146, guid: 5d075d3ed32dfe1498e31454964d07e8, type: 3}
      propertyPath: m_LocalRotation.x
      value: 0
      objectReference: {fileID: 0}
    - target: {fileID: 4122625377137146, guid: 5d075d3ed32dfe1498e31454964d07e8, type: 3}
      propertyPath: m_LocalRotation.y
      value: 0
      objectReference: {fileID: 0}
    - target: {fileID: 4122625377137146, guid: 5d075d3ed32dfe1498e31454964d07e8, type: 3}
      propertyPath: m_LocalRotation.z
      value: 0
      objectReference: {fileID: 0}
    - target: {fileID: 4122625377137146, guid: 5d075d3ed32dfe1498e31454964d07e8, type: 3}
      propertyPath: m_LocalRotation.w
      value: 1
      objectReference: {fileID: 0}
    - target: {fileID: 4122625377137146, guid: 5d075d3ed32dfe1498e31454964d07e8, type: 3}
      propertyPath: m_RootOrder
      value: 0
      objectReference: {fileID: 0}
    - target: {fileID: 20395501606822184, guid: 5d075d3ed32dfe1498e31454964d07e8,
        type: 3}
      propertyPath: m_RenderingPath
      value: 3
      objectReference: {fileID: 0}
    - target: {fileID: 82932446142482310, guid: 5d075d3ed32dfe1498e31454964d07e8,
        type: 3}
      propertyPath: m_Volume
      value: 0.5
      objectReference: {fileID: 0}
    - target: {fileID: 114036295079588584, guid: 5d075d3ed32dfe1498e31454964d07e8,
        type: 3}
      propertyPath: camera
      value: 
      objectReference: {fileID: 2486956926169694705}
    - target: {fileID: 114036295079588584, guid: 5d075d3ed32dfe1498e31454964d07e8,
        type: 3}
      propertyPath: launchAccelrationFWD
      value: 1.75
      objectReference: {fileID: 0}
    - target: {fileID: 114036295079588584, guid: 5d075d3ed32dfe1498e31454964d07e8,
        type: 3}
      propertyPath: launchAccelrationUP
      value: 0.2
      objectReference: {fileID: 0}
    - target: {fileID: 114036295079588584, guid: 5d075d3ed32dfe1498e31454964d07e8,
        type: 3}
      propertyPath: whatIsGrappleable.m_Bits
      value: 4294967295
      objectReference: {fileID: 0}
    - target: {fileID: 114036295079588584, guid: 5d075d3ed32dfe1498e31454964d07e8,
        type: 3}
      propertyPath: grappleDuration
      value: 0.5
      objectReference: {fileID: 0}
    - target: {fileID: 114036295079588584, guid: 5d075d3ed32dfe1498e31454964d07e8,
        type: 3}
      propertyPath: MaxDistanceModifier
      value: 15
      objectReference: {fileID: 0}
    - target: {fileID: 114036295079588584, guid: 5d075d3ed32dfe1498e31454964d07e8,
        type: 3}
      propertyPath: movementSpeed
      value: 10
      objectReference: {fileID: 0}
    - target: {fileID: 114036295079588584, guid: 5d075d3ed32dfe1498e31454964d07e8,
        type: 3}
      propertyPath: jumpSFX
      value: 
      objectReference: {fileID: 11400000, guid: 4f090b93d0507314e8351052e4346e8b,
        type: 2}
    - target: {fileID: 114036295079588584, guid: 5d075d3ed32dfe1498e31454964d07e8,
        type: 3}
      propertyPath: jumpSFX_1
      value: 
      objectReference: {fileID: 11400000, guid: 4f090b93d0507314e8351052e4346e8b,
        type: 2}
    - target: {fileID: 114036295079588584, guid: 5d075d3ed32dfe1498e31454964d07e8,
        type: 3}
      propertyPath: jumpSFX_2
      value: 
      objectReference: {fileID: 11400000, guid: 1eae6a0edae1c8b4cb4ba8cccfe6e0c4,
        type: 2}
    - target: {fileID: 114824084839813896, guid: 5d075d3ed32dfe1498e31454964d07e8,
        type: 3}
      propertyPath: upperVerticalLimit
      value: 80
      objectReference: {fileID: 0}
    - target: {fileID: 114824084839813896, guid: 5d075d3ed32dfe1498e31454964d07e8,
        type: 3}
      propertyPath: lowerVerticalLimit
      value: 80
      objectReference: {fileID: 0}
    m_RemovedComponents: []
  m_SourcePrefab: {fileID: 100100000, guid: 5d075d3ed32dfe1498e31454964d07e8, type: 3}
--- !u!4 &2486829522652439165 stripped
Transform:
  m_CorrespondingSourceObject: {fileID: 4203333481769130, guid: 5d075d3ed32dfe1498e31454964d07e8,
    type: 3}
  m_PrefabInstance: {fileID: 2489383036721466071}
  m_PrefabAsset: {fileID: 0}
--- !u!4 &2486971014262134859 stripped
Transform:
  m_CorrespondingSourceObject: {fileID: 4343462885528220, guid: 5d075d3ed32dfe1498e31454964d07e8,
    type: 3}
  m_PrefabInstance: {fileID: 2489383036721466071}
  m_PrefabAsset: {fileID: 0}
--- !u!1 &2488588287481794003 stripped
GameObject:
  m_CorrespondingSourceObject: {fileID: 1457344649512708, guid: 5d075d3ed32dfe1498e31454964d07e8,
    type: 3}
  m_PrefabInstance: {fileID: 2489383036721466071}
  m_PrefabAsset: {fileID: 0}
--- !u!4 &2486956926169694705 stripped
Transform:
  m_CorrespondingSourceObject: {fileID: 4330475428530982, guid: 5d075d3ed32dfe1498e31454964d07e8,
    type: 3}
  m_PrefabInstance: {fileID: 2489383036721466071}
  m_PrefabAsset: {fileID: 0}
--- !u!20 &2505238581667228671 stripped
Camera:
  m_CorrespondingSourceObject: {fileID: 20395501606822184, guid: 5d075d3ed32dfe1498e31454964d07e8,
    type: 3}
  m_PrefabInstance: {fileID: 2489383036721466071}
  m_PrefabAsset: {fileID: 0}
--- !u!1 &2488403864008975641 stripped
GameObject:
  m_CorrespondingSourceObject: {fileID: 1273852644323278, guid: 5d075d3ed32dfe1498e31454964d07e8,
    type: 3}
  m_PrefabInstance: {fileID: 2489383036721466071}
  m_PrefabAsset: {fileID: 0}
--- !u!4 &2486749158678985517 stripped
Transform:
  m_CorrespondingSourceObject: {fileID: 4122625377137146, guid: 5d075d3ed32dfe1498e31454964d07e8,
    type: 3}
  m_PrefabInstance: {fileID: 2489383036721466071}
  m_PrefabAsset: {fileID: 0}
--- !u!114 &2529109605302335551 stripped
MonoBehaviour:
  m_CorrespondingSourceObject: {fileID: 114036295079588584, guid: 5d075d3ed32dfe1498e31454964d07e8,
    type: 3}
  m_PrefabInstance: {fileID: 2489383036721466071}
  m_PrefabAsset: {fileID: 0}
  m_GameObject: {fileID: 2488403864008975641}
  m_Enabled: 1
  m_EditorHideFlags: 0
  m_Script: {fileID: 11500000, guid: 1f5e44db14072ea4c964da3b192181c8, type: 3}
  m_Name: 
  m_EditorClassIdentifier: 
--- !u!1001 &7445017189750431439
PrefabInstance:
  m_ObjectHideFlags: 0
  serializedVersion: 2
  m_Modification:
    m_TransformParent: {fileID: 2486749158678985517}
    m_Modifications:
    - target: {fileID: 100000, guid: 0499b1f2aaa48e64e912e1c0f24cfd5e, type: 3}
      propertyPath: m_Name
      value: CFX3_Snow_Dense 1
      objectReference: {fileID: 0}
    - target: {fileID: 400000, guid: 0499b1f2aaa48e64e912e1c0f24cfd5e, type: 3}
      propertyPath: m_LocalPosition.x
      value: 0
      objectReference: {fileID: 0}
    - target: {fileID: 400000, guid: 0499b1f2aaa48e64e912e1c0f24cfd5e, type: 3}
      propertyPath: m_LocalPosition.y
      value: 0
      objectReference: {fileID: 0}
    - target: {fileID: 400000, guid: 0499b1f2aaa48e64e912e1c0f24cfd5e, type: 3}
      propertyPath: m_LocalPosition.z
      value: 3
      objectReference: {fileID: 0}
    - target: {fileID: 400000, guid: 0499b1f2aaa48e64e912e1c0f24cfd5e, type: 3}
      propertyPath: m_LocalRotation.x
      value: 0
      objectReference: {fileID: 0}
    - target: {fileID: 400000, guid: 0499b1f2aaa48e64e912e1c0f24cfd5e, type: 3}
      propertyPath: m_LocalRotation.y
      value: 0
      objectReference: {fileID: 0}
    - target: {fileID: 400000, guid: 0499b1f2aaa48e64e912e1c0f24cfd5e, type: 3}
      propertyPath: m_LocalRotation.z
      value: 0
      objectReference: {fileID: 0}
    - target: {fileID: 400000, guid: 0499b1f2aaa48e64e912e1c0f24cfd5e, type: 3}
      propertyPath: m_LocalRotation.w
      value: 1
      objectReference: {fileID: 0}
    - target: {fileID: 400000, guid: 0499b1f2aaa48e64e912e1c0f24cfd5e, type: 3}
      propertyPath: m_RootOrder
      value: 3
      objectReference: {fileID: 0}
    - target: {fileID: 400000, guid: 0499b1f2aaa48e64e912e1c0f24cfd5e, type: 3}
      propertyPath: m_LocalEulerAnglesHint.x
      value: 0
      objectReference: {fileID: 0}
    - target: {fileID: 400000, guid: 0499b1f2aaa48e64e912e1c0f24cfd5e, type: 3}
      propertyPath: m_LocalEulerAnglesHint.y
      value: 0
      objectReference: {fileID: 0}
    - target: {fileID: 400000, guid: 0499b1f2aaa48e64e912e1c0f24cfd5e, type: 3}
      propertyPath: m_LocalEulerAnglesHint.z
      value: 0
      objectReference: {fileID: 0}
    m_RemovedComponents: []
  m_SourcePrefab: {fileID: 100100000, guid: 0499b1f2aaa48e64e912e1c0f24cfd5e, type: 3}
